1811 2828
102 207 153 246 32
530 201 839 243 VALERIUS
880 200 1182 242 MAXIMUS.

169 325 229 373 In
272 324 444 373 eadem
495 324 750 387 provincia
793 323 850 383 Q.
895 322 1079 371 Fabius
1121 321 1374 370 Maximus
1422 321 1610 371 ferocis·

102 408 252 455 simae
287 406 449 470 gentis
485 406 674 453 animos
706 404 1010 453 contundere
1045 410 1095 452 et
1120 403 1382 452 debilitare
1413 403 1616 467 cupiens

102 487 558 536 mansuetissimum
593 486 850 549 ingenium
883 502 1029 533 suum
1062 485 1123 533 ad
1160 492 1357 548 tempus
1391 484 1618 548 deposita

101 569 363 618 clementia
405 569 480 617 uti
524 568 788 616 severitate
832 567 1022 631 coegit:
1077 567 1301 614 omnium
1344 565 1489 624 enim,
1531 565 1617 629 qui

101 668 163 700 ex
210 650 468 715 praesidiis
523 650 862 698 Romanorum
918 647 980 696 ad
1028 647 1195 696 hostes
1246 646 1618 710 transfugerant

100 733 331 796 captique
382 738 537 791 erant,
578 748 751 779 manus
805 730 1030 790 abscidit,
1073 736 1130 777 ut
1173 736 1348 777 trunca
1400 744 1515 791 prae
1566 744 1616 776 se

100 815 328 863 bracchia
380 820 633 877 gestantes
689 820 878 859 metum
929 810 1222 859 desectionis
1272 809 1476 873 reliquis
1528 809 1618 857 ini-

101 901 281 944 cerent.

183 1133 266 1167 4⁵.
497 1129 526 1147 “
554 1127 618 1167 We
649 1133 801 1167 cannot
831 1126 893 1166 all
922 1126 965 1166 bc
994 1126 1215 1166 mas·cers.''

1312 1192 1490 1238 Othello,
1521 1192 1548 1229 i.
1579 1192 1613 1230 1.

170 1301 406 1365 Superior
477 1300 742 1348 Africanus
814 1299 876 1348 ad
947 1296 1244 1347 firmandam
1303 1296 1618 1360 disciplinam

102 1383 369 1432 militarem
430 1381 619 1446 aliquid
679 1381 741 1430 ab
809 1381 1108 1430 alienissima
1167 1379 1263 1430 sibi
1325 1379 1617 1428 crudelitate

101 1464 449 1514 amaritudinis
492 1462 825 1512 mutuandum
862 1462 1198 1512 existimavit:
1250 1461 1498 1526 siquidem
1540 1460 1619 1508 de-

103 1547 232 1595 victa
275 1545 602 1610 Karthagine,
645 1562 756 1593 cum
799 1560 982 1605 omnes,
1026 1544 1112 1608 qui
1155 1561 1216 1593 ex
1257 1544 1441 1593 nostris
1483 1559 1618 1592 exer-

102 1629 283 1677 citibus
327 1626 390 1676 ad
432 1627 625 1675 Poenos
670 1626 984 1686 transierant,
1031 1626 1083 1673 in
1126 1642 1266 1674 suam
1317 1630 1617 1690 potestatem

102 1709 386 1774 redegisset,
444 1708 641 1773 gravius
696 1709 747 1756 in
801 1708 1053 1756 Romanos
1107 1724 1257 1772 quam
1310 1707 1362 1755 in
1409 1707 1616 1755 Latinos

101 1792 383 1855 transfugas
417 1790 802 1839 animadvertit:
838 1789 928 1839 hos
967 1790 1099 1838 enim
1135 1795 1391 1853 tamquam
1428 1789 1617 1853 patriae

101 1873 339 1938 fugitivos
395 1872 619 1920 crucibus
675 1872 866 1932 adfixit,
923 1873 1033 1921 illos
1087 1879 1344 1936 tamquam
1402 1871 1617 1936 perfidos

102 1955 258 2003 socios
296 1953 455 2002 securi
490 1954 743 2017 percussit.

169 2035 422 2085 Posterior
466 2035 730 2084 Africanus
781 2052 950 2085 everso
993 2036 1183 2085 Punico
1233 2036 1442 2100 imperio
1485 2042 1617 2085 exte-

101 2135 268 2166 rarum
310 2117 535 2181 gentium
586 2118 868 2182 transfugas
911 2119 961 2165 in
1006 2118 1210 2166 edendis
1261 2118 1443 2182 populo
1487 2135 1618 2181 spec-

102 2199 278 2248 taculis
314 2199 431 2248 feris
468 2200 639 2248 bestiis
678 2199 872 2259 obiecit,
914 2206 964 2248 et
998 2199 1052 2247 L.
1094 2199 1279 2248 Paulus
1316 2199 1466 2248 Perse
1503 2217 1616 2264 rege

102 2286 333 2344 superato
355 2280 575 2329 eiusdem
600 2281 796 2345 generis
823 2287 872 2330 et
897 2281 1067 2345 culpae
1092 2281 1317 2330 homines
1338 2281 1617 2345 elephantis

101 2362 426 2427 proterendos
477 2362 764 2423 substravit,
809 2363 1075 2412 utilissimo
1118 2362 1321 2427 quidem
1372 2363 1613 2426 exemplo,

102 2446 141 2494 si
179 2452 348 2493 tamen
386 2450 494 2493 acta
531 2444 1059 2494 excellentissimorum
1096 2446 1317 2494 virorum
1359 2445 1618 2493 humiliter

102 2526 361 2574 aestimare
395 2525 501 2574 sine
535 2526 828 2574 insolentiae
862 2527 1245 2595 reprehensione
1281 2527 1614 2590 permittitur:
