1811 2828
165 180 192 217 4
593 179 901 220 VALERIUS
941 179 1244 221 MAXIMUS.

234 299 380 357 Quod
418 300 702 365 prodigium
740 301 986 364 Tanaquil
1023 300 1152 349 Anci
1192 301 1320 365 regis
1358 300 1515 349 Marci
1553 318 1679 350 uxor

164 380 410 430 admirata
440 399 582 431 serva
613 387 787 430 natum
819 383 869 430 in
901 381 1104 431 modum
1134 382 1221 430 filii
1254 382 1500 442 educavit,
1536 388 1586 431 et
1616 383 1676 431 ad

164 464 355 528 regium
382 464 637 527 fastigium
665 464 844 513 evexit.

249 683 292 733 ’7.
589 698 614 714 “
634 695 750 735 What
782 708 859 745 say
890 695 954 733 the
985 694 1262 744 anqurcrs?'’

1212 763 1349 799 Julius
1378 764 1538 808 Caesar,
1571 764 1608 800 ii.
1640 764 1673 801 2.

233 865 372 914 Bello
422 866 520 914 acri
565 872 615 914 et
663 865 859 914 diutino
904 866 1140 914 Veientes
1185 883 1212 914 a
1260 866 1499 915 Romanis
1548 867 1680 915 intra

164 947 360 995 moenia
397 947 623 1011 conpulsi
661 948 769 1011 capi
806 964 907 996 non
945 953 1189 1012 poterant.

231 1028 303 1077 Ea
350 1045 489 1077 mora
536 1045 636 1077 non
679 1028 846 1078 minus
888 1029 1234 1078 obsidentibus
1278 1045 1427 1093 quam
1470 1029 1679 1078 obsessis

165 1109 491 1159 intolerabilis
529 1110 806 1159 videbatur.

230 1192 514 1256 Exoptatae
563 1192 719 1257 igitur
762 1192 999 1241 victoriae
1047 1192 1143 1241 iter
1190 1193 1315 1240 miro
1357 1191 1586 1256 prodigio
1628 1191 1679 1239 di
1741 1252 1745 1255 .

163 1274 470 1323 immortales
507 1274 864 1338 patefecerunt.

232 1355 409 1404 Subito
435 1355 569 1404 enim
589 1356 816 1404 Albanus
841 1355 987 1416 lacus,
1012 1371 1172 1418 neque
1193 1354 1486 1403 caelestibus
1506 1360 1679 1403 auctus

163 1436 406 1485 imbribus
458 1453 619 1501 neque
672 1436 1001 1486 inundatione
1054 1437 1204 1485 ullius
1253 1437 1411 1486 amnis
1459 1438 1678 1496 adiutus,

164 1518 367 1566 solitum
403 1518 567 1583 stagni
606 1518 811 1567 modum
848 1518 1072 1567 excessit.

232 1600 386 1649 Cuius
422 1600 492 1648 rei
530 1599 864 1663 explorandae
901 1600 1061 1664 gratia
1097 1600 1250 1665 legati
1283 1601 1347 1650 ad
1380 1601 1678 1666 Delphicum

166 1682 419 1730 oraculum
455 1681 594 1730 missi
632 1686 761 1730 sunt.

233 1763 558 1812 Rettulerunt
595 1762 813 1827 praecipi
849 1763 1068 1812 sortibus
1102 1771 1160 1813 ut
1194 1782 1374 1829 aquam
1409 1765 1512 1813 eius
1545 1763 1679 1811 lacus

165 1845 393 1894 emissam
431 1862 518 1910 per
554 1861 696 1909 agros
733 1844 1088 1895 diffunderent.

234 1927 312 1975 Sic
362 1927 495 1975 enim
542 1926 695 1976 Veios
744 1934 982 1978 venturos
1043 1930 1096 1977 in
1156 1934 1457 1993 potestatem
1510 1927 1679 1991 populi

166 2009 391 2057 Romani.

233 2089 380 2137 Prius
405 2106 555 2153 quam
580 2090 731 2155 legati
757 2093 1117 2152 renuntiarent,
1141 2091 1392 2155 haruspex
1411 2091 1681 2140 Veientum

166 2189 193 2219 a
224 2171 384 2219 milite
417 2178 589 2221 nostro
623 2179 796 2237 raptus
831 2180 881 2222 et
915 2173 967 2221 in
1003 2179 1164 2222 castra
1196 2172 1418 2236 perlatus
1456 2172 1681 2220 futurum

165 2253 375 2302 dixerat.

232 2336 364 2400 Ergo
408 2343 609 2385 senatus
652 2337 838 2400 duplici
876 2336 1213 2401 praedictione
1250 2336 1471 2384 monitus
1508 2334 1680 2384 eodem

166 2433 321 2479 paene
365 2423 587 2482 tempore
637 2425 686 2466 et
734 2418 960 2482 religioni
1004 2418 1171 2482 paruit
1213 2423 1262 2465 et
1305 2417 1523 2465 hostium
1560 2417 1680 2464 urbe

167 2499 356 2562 potitus
393 2505 478 2548 est.
