1811 2828
138 188 190 231 26
566 190 871 231 VALERIUS
912 190 1213 232 MAXIMUS.

138 318 344 375 partem,
390 311 567 375 cupido
616 311 794 360 haustu
839 311 1146 360 mortiferam
1194 312 1350 360 traxit
1390 313 1645 376 potionem

138 405 191 437 ac
231 406 455 437 sermone
493 390 773 453 significans
810 407 1049 453 quasnam
1090 389 1299 438 subinde
1341 396 1507 453 partes
1546 407 1645 439 cor-

138 467 270 529 poris
291 468 365 514 sui
391 467 523 531 rigor
549 473 822 531 occuparet,
847 485 958 515 cum
983 468 1082 515 iam
1108 484 1220 516 eum
1241 467 1376 516 cordi
1400 468 1644 516 inminere

137 555 266 596 esset
292 548 495 608 elocuta,
527 549 739 597 filiarum
765 566 938 596 manus
965 549 1026 597 ad
1057 565 1343 612 supremum
1368 550 1646 613 opprimen-

137 629 314 678 dorum
341 630 597 679 oculorum
627 631 840 679 officium
871 630 1143 679 advocavit,
1219 631 1429 679 Nostros
1462 637 1639 691 autem,

136 712 335 760 tametsi
378 728 507 760 novo
552 711 828 776 spectaculo
872 712 1199 776 obstupefacti
1242 719 1395 772 erant,
1435 714 1644 761 suffusos

136 799 304 841 tamen
341 792 554 841 lacrimis
591 792 794 843 dimisit.

217 1046 299 1080 38.
340 1041 502 1081 “What
531 1041 566 1081 is
596 1042 661 1082 the
691 1042 863 1092 opinion
893 1043 946 1092 of
967 1043 1241 1094 Pythayoras
1271 1044 1518 1095 concerninq

748 1111 962 1161 wildsozcl
976 1113 995 1152 .‘2
1008 1111 1030 1129 '³

1144 1180 1322 1217 Twelfth
1350 1180 1490 1227 Night,
1522 1181 1572 1218 iv,
1604 1181 1638 1218 2.

202 1276 300 1325 Sed
338 1283 395 1324 ut
433 1276 494 1324 ad
537 1276 926 1325 Massiliensium
970 1277 1237 1337 civitatem,
1282 1277 1413 1326 unde
1457 1280 1509 1325 in
1552 1278 1643 1327 hoc

133 1358 494 1406 deverticulum
565 1359 766 1416 excessi,
840 1366 1077 1419 revertar,
1146 1359 1332 1408 intrare
1403 1359 1642 1423 oppidum

133 1455 302 1487 eorum
346 1439 470 1486 nulli
515 1456 626 1487 cum
668 1439 768 1488 telo
811 1439 937 1500 licet,
993 1447 1288 1504 praestoque
1339 1447 1414 1489 est
1456 1441 1541 1504 qui
1590 1441 1642 1489 id

132 1519 385 1568 custodiae
415 1521 575 1584 gratia
606 1528 862 1584 acceptum
893 1522 1090 1571 exituro
1121 1522 1311 1581 reddat,
1341 1529 1398 1571 ut
1427 1523 1640 1587 hospitia

131 1617 232 1659 sua,
273 1601 693 1665 quemadmodum
733 1602 1112 1652 advenientibus
1149 1603 1366 1652 humana
1402 1611 1531 1664 sunt,
1572 1605 1638 1653 ita

131 1682 248 1745 ipsis
287 1699 482 1745 quoque
521 1689 632 1731 tuta
668 1684 779 1731 sint.

198 1763 395 1811 Horum
438 1764 633 1811 moenia
677 1764 884 1827 egressis
927 1771 1068 1814 vetus
1111 1766 1193 1814 ille
1235 1783 1341 1815 mos
1384 1766 1638 1815 Gallorum

129 1845 353 1904 occurrit,
384 1862 507 1908 quos
533 1845 771 1893 memoria
791 1846 1044 1909 proditum
1071 1853 1145 1895 est
1171 1848 1402 1910 pecunias
1423 1854 1634 1908 mutuas,

129 1942 254 1990 quae
298 1926 374 1973 his
418 1926 549 1988 apud
591 1926 774 1975 inferos
816 1927 1157 1986 redderentur,
1204 1928 1334 1988 dare,
1380 1929 1496 1992 quia
1536 1945 1636 1992 per-

130 2024 329 2055 suasum
359 2007 627 2056 habuerint
665 2009 854 2057 animas
890 2009 1147 2057 hominum
1181 2010 1486 2059 immortales
1520 2027 1636 2060 esse.

130 2088 359 2136 Dicerem
403 2088 595 2148 stultos,
638 2089 732 2137 nisi
776 2090 908 2138 idem
950 2091 1138 2138 bracati
1186 2092 1465 2150 sensissent,
1507 2091 1638 2155 quod

129 2170 361 2234 palliatus
399 2170 711 2233 Pythagoras
749 2171 971 2220 credidit.

197 2251 434 2299 Thraciae
485 2269 601 2299 vero
661 2252 746 2300 illa
798 2254 935 2300 natio
989 2254 1166 2301 merito
1221 2253 1313 2301 sibi
1368 2253 1638 2317 sapientiae

129 2333 325 2381 laudem
352 2333 698 2391 vindicaverit,
723 2350 847 2396 quae
878 2334 1068 2382 natales
1094 2334 1354 2382 hominum
1389 2335 1634 2395 flebiliter,

129 2415 389 2478 exsequias
416 2432 526 2462 cum
554 2415 803 2462 hilaritate
829 2415 1078 2463 celebrans
1109 2416 1214 2463 sine
1240 2415 1353 2463 ullis
1379 2415 1638 2464 doctorum

126 2497 401 2559 praeceptis
422 2512 594 2544 verum
614 2495 917 2544 condicionis
938 2503 1134 2545 nostrae
1154 2496 1383 2545 habitum
1402 2497 1632 2560 pervidit.
