1811 2828
181 166 234 207 24
608 163 917 206 VALERIUS
960 164 1261 205 MAXIMUS.

182 287 566 351 contemplanda
601 286 723 335 Asia
760 287 981 345 retraxit,
1023 303 1084 334 ne
1120 285 1381 334 inlecebris
1419 286 1523 334 eius
1559 286 1690 349 capti

183 369 244 418 ad
283 369 540 418 delicatius
579 368 710 416 vitae
747 384 901 431 genus
938 367 1326 431 prolaberentur.

249 450 486 498 Eiusdem
512 450 727 498 civitatis
748 449 993 497 exercitus
1014 466 1114 497 non
1135 455 1250 497 ante
1271 448 1332 497 ad
1354 447 1692 496 dimicandum

182 532 481 582 descendere
508 531 733 580 solebant
758 548 908 594 quam
934 531 1086 579 tibiae
1107 536 1350 579 concentu
1370 536 1420 578 et
1440 530 1693 594 anapaesti

183 614 322 678 pedis
349 613 549 662 modulo
585 613 942 662 cohortationis
968 612 1179 661 calorem
1205 612 1372 660 animo
1405 612 1689 659 traxissent.

183 696 324 743 Idem
373 695 435 743 ad
484 694 898 743 dissimulandum
941 700 991 742 et
1039 693 1390 742 occultandum
1432 693 1691 741 vulnerum

183 794 385 825 suorum
412 793 635 825 cruorem
661 776 882 840 puniceis
909 776 959 823 in
985 776 1172 839 proelio
1199 775 1379 823 tunicis
1406 775 1689 831 utebantur,

184 875 283 907 non
331 875 393 906 ne
454 858 572 921 ipsis
632 856 894 921 adspectus
955 873 1127 905 eorum
1187 863 1439 914 terrorem,
1491 854 1578 902 sed
1631 871 1694 902 ne

184 939 410 987 hostibus
448 938 653 987 fiduciae
691 937 879 1001 aliquid
916 936 1146 986 adferret.

269 1180 348 1214 36.
390 1177 418 1194 “
434 1175 507 1213 An
532 1174 602 1213 οἷά
626 1179 746 1225 rte-§ty
770 1173 908 1213 sworcl
934 1172 1042 1212 la'en
1067 1179 1137 1212 out
1161 1172 1214 1222 of
1231 1173 1295 1212 the
1320 1178 1429 1212 town
1449 1169 1694 1221 armoury.”

1021 1241 1192 1287 Taming
1220 1240 1263 1276 of
1289 1240 1360 1276 the
1389 1239 1541 1284 Shrew,
1573 1239 1627 1276 iii.
1659 1239 1692 1275 2:

253 1341 589 1389 ll‘Iassilienses
627 1357 824 1404 quoque
865 1339 927 1388 ad
964 1339 1056 1387 hoc
1093 1346 1290 1402 tempus
1328 1342 1568 1400 usurpant
1604 1336 1698 1384 dis-

186 1423 394 1486 ciplinae
420 1422 734 1486 gravitatem,
766 1421 913 1485 prisci
945 1420 1094 1468 moris
1126 1418 1453 1478 observantia,
1491 1417 1697 1466 caritate

188 1504 357 1569 populi
383 1504 595 1552 Romani
621 1503 880 1567 praecipue
907 1502 1171 1566 conspicui.

254 1586 300 1633 A
326 1585 527 1634 condita
547 1585 667 1633 urbe
693 1583 887 1648 gladius
908 1589 982 1630 est
1007 1583 1090 1641 ibi,
1115 1599 1212 1646 quo
1233 1582 1371 1630 noxii
1392 1581 1693 1646 iugulantur,

187 1667 412 1731 robigine
457 1667 661 1730 quidem
698 1682 872 1714 exesus
911 1671 960 1713 et
999 1665 1084 1712 vix
1124 1664 1367 1712 sufficiens
1404 1663 1693 1722 ministerio,

187 1749 273 1798 sed
312 1748 464 1797 index
502 1748 553 1795 in
591 1747 809 1795 minimis
847 1763 1044 1811 quoque
1081 1747 1226 1794 rebus
1263 1745 1428 1794 omnia
1464 1744 1698 1807 antiquae

189 1829 560 1879 consuetudinis
598 1834 924 1876 monumenta
963 1828 1281 1876 servantium.

256 1912 396 1959 Duae
434 1911 583 1959 etiam
614 1918 729 1958 ante
761 1916 930 1973 portas
964 1926 1134 1958 eorum
1166 1925 1304 1956 arcae
1334 1907 1509 1965 iacent,
1542 1905 1698 1954 altera

189 2010 286 2057 qua
311 1993 594 2051 liberorum,
624 1991 780 2039 altera
807 2008 904 2054 qua
937 2007 1193 2038 servorum
1224 2005 1428 2052 corpora
1453 1987 1515 2035 ad
1541 1985 1699 2050 sepuln

190 2081 329 2122 turae
372 2073 533 2121 locum
575 2073 797 2136 plaustro
835 2071 1151 2119 devehuntur
1187 2071 1292 2118 sine
1328 2069 1695 2128 lamentatione,

190 2156 294 2204 sine
320 2154 533 2218 planctu.
611 2153 798 2200 Luctus
832 2151 1018 2200 funeris
1050 2151 1130 2199 die
1160 2151 1431 2199 domestico
1461 2149 1699 2199 sacrificio

190 2237 512 2298 adhibitoque
555 2233 944 2282 necessariorum
986 2232 1214 2280 convivio
1257 2232 1459 2280 finitur:
1514 2231 1698 2280 etenim

190 2316 309 2380 quid
344 2315 540 2363 adtinet
573 2320 659 2362 aut
693 2313 911 2360 humano
945 2312 1103 2362 dolori
1133 2312 1381 2376 indulgeri
1412 2319 1499 2361 aut
1528 2311 1699 2360 divino
1762 2358 1765 2359 ⁷

191 2398 383 2446 numini
432 2396 674 2445 invidiam
724 2394 843 2455 fieri,
896 2394 1028 2457 quod
1076 2393 1505 2441 immortalitatem
1559 2407 1699 2439 suam

191 2480 448 2528 nobiscum
483 2477 658 2541 partiri
694 2477 946 2525 noluerit?
