1811 2828
62 171 112 211 12
491 176 801 218 VALERIUS
844 177 1150 219 MAXIMUS.

146 305 220 340 19.
678 304 705 320 ‘⁴
724 300 920 349 General,
955 301 999 339 be
1030 301 1199 340 adcis’d
1219 316 1230 340 .-

445 370 514 408 Hc
546 383 677 409 comes
709 375 748 409 to
780 370 864 409 bad
898 369 1071 409 incent.''

1276 425 1456 471 Othesso,
1489 425 1514 464 i.
1547 425 1581 463 3.

130 513 290 574 Quam
317 514 442 563 bene
469 515 794 564 Macedoniae
822 532 911 564 rex
938 515 1227 564 Alexander
1253 533 1341 580 per
1365 516 1588 580 quietem

62 596 167 644 visa
205 596 422 660 imagine
467 596 808 660 praemonitus
847 603 954 646 erat
991 604 1049 646 ut
1085 597 1220 646 vitae
1262 614 1380 647 suae
1423 603 1588 647 custos

61 684 191 726 esset
251 677 550 742 diligentior,
615 679 656 727 si
718 695 832 727 eum
898 679 1107 728 cavendi
1168 679 1321 728 etiam
1380 679 1588 744 periculi

60 760 266 809 consilio
287 761 491 809 fortuna
511 761 758 811 instruere
779 762 1020 811 voluisset
1041 782 1049 810 :
1081 779 1298 827 namque
1318 761 1588 811 Cassandri

61 842 350 906 pestiferam
378 843 473 891 sibi
499 843 762 893 dexteram
789 844 982 893 somnio
1014 844 1153 909 prius
1179 844 1414 909 cognovit
1438 860 1585 908 quam

61 924 201 972 exitu
228 924 395 973 sensit.

129 1006 456 1056 Existimavit
506 1008 641 1057 enim
690 1009 754 1057 ab
802 1009 888 1058 illo
937 1026 988 1058 se
1037 1009 1265 1069 interfici,
1311 1026 1425 1058 cum
1474 1025 1587 1058 eum

60 1106 336 1154 numquam
374 1089 598 1140 vidisset.

130 1171 438 1236 Interposito
456 1173 637 1222 deinde
656 1180 894 1239 tempore,
913 1180 1182 1238 postquam
1198 1174 1251 1223 in
1268 1180 1589 1238 conspectum

60 1255 214 1314 venit,
249 1255 483 1304 nocturni
509 1262 674 1304 metus
700 1257 954 1320 patefacta
979 1256 1210 1321 imagine,
1245 1263 1301 1305 ut
1327 1256 1585 1320 Antipatri

62 1337 216 1385 filium
247 1354 351 1386 esse
386 1338 634 1402 cognovit,
673 1326 867 1387 adiecto
901 1355 1049 1387 versu
1083 1337 1287 1399 Graeco,
1317 1339 1404 1402 qui
1438 1338 1588 1387 fidem

62 1419 370 1468 somniorum
431 1420 607 1479 elevat,
660 1420 943 1485 praeparati
992 1420 1092 1469 iam
1152 1420 1390 1469 adversus
1439 1429 1590 1485 caput

62 1519 208 1550 sunm
234 1503 455 1562 venefici,
487 1520 586 1566 quo
614 1503 851 1552 occidisse
879 1502 1147 1552 Cassandri
1173 1520 1325 1552 manu
1351 1502 1584 1564 creditur,

63 1584 394 1648 suspicionem
419 1584 653 1649 reppulit.

148 1785 232 1820 20.
301 1780 434 1820 “For
463 1794 535 1832 my
559 1786 665 1831 parc
697 1781 763 1820 the
794 1794 864 1820 sea
895 1787 1047 1821 cannot
1077 1781 1225 1821 ἄγου-η
1253 1787 1368 1821 me.''

1225 1851 1430 1898 Tempest,
1461 1849 1517 1888 iii.
1550 1850 1585 1886 2.

133 1938 305 2003 Longe
359 1938 705 2003 indulgentius
749 1939 799 1988 di
844 1940 896 1987 in
939 1946 1086 2004 poeta
1130 1939 1406 1999 Simonide,
1448 1938 1588 1988 cuius

65 2020 338 2070 salutarem
371 2020 505 2069 inter
542 2022 768 2086 quietem
801 2021 1198 2071 admonitionem
1235 2021 1410 2071 consili
1441 2021 1590 2070 firmi-

65 2109 170 2152 tate
196 2103 508 2153 roborarunt.

135 2185 185 2234 Is
222 2186 370 2246 enim,
410 2203 524 2234 cum
565 2186 627 2234 ad
671 2186 792 2235 litus
829 2203 1007 2235 navem
1045 2186 1323 2251 adpulisset
1364 2186 1590 2235 inhuma-

65 2274 276 2332 tumque
292 2284 471 2332 corpus
489 2269 655 2317 iacens
675 2269 961 2333 sepulturae
980 2268 1278 2328 mandasset,
1303 2268 1590 2317 admonitus

67 2351 130 2399 ab
158 2367 216 2399 eo
241 2367 304 2400 ne
329 2351 560 2414 proximo
587 2351 668 2399 die
693 2352 967 2416 navigaret,
995 2351 1047 2398 in
1073 2357 1207 2399 terra
1231 2351 1483 2400 remansit.

139 2432 237 2494 Qui
252 2432 370 2482 inde
391 2433 657 2493 solverant,
680 2434 914 2482 fluctibus
935 2440 984 2482 et
1004 2432 1232 2498 procellis
1251 2433 1302 2481 in
1322 2437 1590 2497 conspectu

70 2514 176 2564 eius
201 2515 371 2564 obruti
397 2522 525 2565 sunt.
