1907 2828
692 145 771 186 DE
812 143 1075 187 SOMNIIS.
1601 149 1646 187 13

188 265 303 332 Ipse
347 266 563 317 laetatus
600 273 675 316 est
719 268 852 332 quod
893 269 1048 318 vitam
1087 286 1224 318 suam
1266 270 1459 319 somnio
1497 287 1644 334 quam

119 350 237 400 navi
274 349 475 400 credere
511 350 781 400 maluisset.

203 529 284 566 21.
352 526 490 566 ηΟιιν
519 525 652 565 bread
681 539 768 565 was
798 527 897 566 such
931 541 980 566 as
1009 527 1173 578 captive
1204 533 1318 566 {ears

395 593 522 634 Have
551 594 782 635 moistened
811 609 945 647 many
974 610 1002 635 a
1032 596 1245 635 thousand
1274 595 1443 647 yearss’

999 666 1150 712 Byron,
1183 665 1371 702 Prisoner
1399 664 1441 701 of
1470 664 1644 702 Chillon.

189 755 261 804 At
287 754 791 821 Karthaginiensium
823 756 928 806 dux
957 756 1225 816 Hamilcar,
1256 773 1368 805 cum
1394 755 1647 805 obsideret

120 835 407 900 SyracusaS,
452 837 587 886 inter
634 855 867 886 somnum
918 837 1178 888 exaudisse
1222 855 1393 887 vocem
1437 837 1647 886 credidit

120 918 437 968 nuntiantem
460 918 686 968 futurum
707 927 765 969 ut
786 921 1016 985 proximo
1037 920 1115 968 dic
1138 921 1188 968 in
1215 937 1272 970 ea
1292 921 1410 968 urbe
1432 927 1644 970 cenaret.

188 1000 374 1051 Laetus
400 1002 557 1067 igitur
582 1002 789 1067 perinde
816 1020 870 1051 ac
897 1002 1141 1051 divinitus
1173 1003 1413 1067 promissa
1439 1003 1645 1051 victoria

120 1083 398 1133 exercitum
425 1101 621 1151 pugnae
649 1085 966 1149 conparabat.

190 1164 252 1215 In
288 1183 388 1232 quo
429 1167 563 1217 inter
605 1167 798 1217 Siculos
842 1174 892 1216 et
935 1167 1130 1217 Poenos
1174 1175 1283 1216 orta
1325 1166 1645 1224 dissensione,

121 1248 296 1298 castris
345 1249 451 1299 eius
502 1249 803 1314 Syracusani
854 1250 1020 1298 subita
1070 1249 1358 1313 inruptione
1401 1249 1648 1313 oppressis

121 1331 286 1396 ipsum
323 1331 458 1381 intra
495 1332 695 1382 moenia
731 1349 820 1380 sua
857 1332 1083 1381 vinctum
1122 1337 1487 1396 pertraxerunt.

190 1416 272 1465 Ita
295 1417 454 1481 magis
481 1431 566 1480 spe
600 1431 750 1480 quam
782 1414 976 1463 somnio
1007 1414 1243 1478 deceptus
1275 1414 1472 1463 cenavit
1505 1413 1649 1477 Syia-

121 1499 251 1548 cusis
288 1499 530 1564 captivus,
572 1514 688 1556 non,
723 1504 781 1546 ut
818 1497 984 1546 animo
1022 1503 1436 1561 praesumpserat,
1474 1497 1644 1543 victor.

205 1678 290 1715 22.
330 1674 562 1726 “Rez-enqe
595 1674 660 1714 his
679 1674 781 1725 foul
811 1673 900 1712 and
930 1678 1034 1712 most
1067 1671 1304 1710 mmmm-al
1335 1669 1554 1708 murder-st

1341 1739 1521 1782 Hamlet,
1556 1740 1577 1775 i.
1611 1739 1644 1775 ι’».

192 1834 487 1885 Proximum
517 1836 766 1885 somnium
799 1835 892 1883 etsi
921 1833 1069 1898 paulo
1101 1838 1177 1879 est
1207 1830 1414 1891 longius
1446 1836 1651 1893 propter

123 1916 331 1966 nimiam
368 1924 539 1967 tamen
578 1917 887 1967 evidentiam
925 1933 986 1965 ne
1027 1915 1292 1963 omittatur
1329 1911 1576 1974 impetrat.

191 1997 308 2048 Duo
334 1999 604 2049 familiares
630 1998 852 2048 Arcades
878 1999 974 2046 iter
1000 2014 1100 2046 una
1130 1995 1366 2044 facientes
1395 1993 1648 2055 Megaram

123 2087 385 2142 venerunt,
414 2098 630 2146 quorum
657 2081 785 2131 alter
811 2098 861 2130 se
894 2080 955 2128 ad
987 2079 1236 2144 hospitem
1269 2074 1494 2133 eontulit,
1525 2074 1649 2121 alter

122 2162 175 2211 in
201 2163 465 2214 tabernam
489 2163 800 2214 meritoriam
828 2162 1060 2212 devertit.

192 2243 256 2305 Is,
296 2246 382 2310 qui
425 2245 478 2294 in
515 2245 735 2310 hospitio
772 2252 891 2303 erat,
934 2243 1062 2292 vidit
1105 2244 1155 2291 in
1194 2242 1380 2290 somnis
1418 2239 1646 2287 eomit‹·1u

123 2342 269 2376 suum
312 2334 538 2377 orantem
576 2335 635 2378 ut
671 2328 764 2377 sibi
804 2327 1041 2391 cauponis
1080 2325 1273 2374 insidiis
1312 2325 1648 2371 circumvento

123 2408 443 2460 subveniret:
503 2426 646 2475 posse
691 2410 824 2459 enim
873 2408 1018 2456 celeri
1070 2408 1175 2456 eius
1225 2405 1436 2455 adcursu
1481 2421 1530 2451 se
1582 2403 1644 2449 in-

123 2490 336 2540 minenti
373 2492 595 2557 periculo
632 2491 873 2540 subtrahi.
