1811 2828
90 162 93 163 γ
156 195 209 234 3Ο
581 190 888 231 VALERIUS
930 191 1231 232 MAXIMUS.

154 313 468 362 lacerandum
495 312 737 376 praebuit,
766 319 823 360 ut
849 312 901 360 in
927 313 1027 360 acie
1053 318 1374 376 exceptorum
1400 312 1661 362 vulnerum

153 412 323 443 cruore
378 394 578 442 nodosis
633 394 814 441 ictibus
868 400 1106 442 renovato
1155 393 1487 453 victoriarum,
1539 411 1660 457 quas

153 476 300 525 modo
333 475 712 539 speciosissimas
743 483 849 523 erat
880 474 1103 538 adethS,
1132 475 1305 523 titulos
1339 482 1656 539 respergeret.

152 557 348 606 Deinde
375 556 679 604 occasionem
704 556 858 604 Fabio
885 556 1202 620 confugiendi
1221 557 1273 604 in
1294 556 1486 605 Urbem
1505 556 1657 616 dedit,

153 639 237 687 ubi
262 639 446 686 frustra
472 643 671 685 senatus
692 637 937 685 auxilium
962 637 1249 701 imploravit
1274 657 1282 686 ε
1313 637 1471 686 nihilo
1496 638 1660 686 minus

152 721 284 768 enim
355 719 583 782 Papirius
654 719 707 766 in
778 718 1022 783 exigenda
1085 736 1244 782 poena
1307 720 1657 782 perseveravit.

152 802 327 866 Itaque
372 807 568 849 coactus
613 807 688 848 est
729 807 871 864 pater
914 801 1017 850 eius
1061 807 1174 864 post
1221 800 1521 850 dictaturam
1568 807 1662 849 ter-

151 884 377 947 tiumque
444 882 758 930 consulatum
824 898 927 930 rem
992 881 1055 930 ad
1120 881 1359 946 populum
1423 882 1660 931 devocare

151 965 494 1027 auxiliumque
560 963 877 1011 tribunorum
941 963 1074 1027 plebi
1141 964 1348 1027 supplex
1407 980 1496 1028 pro
1560 963 1660 1012 filio

150 1052 331 1111 petere.
423 1045 599 1109 Neque
659 1045 749 1093 hac
803 1061 856 1093 re
910 1045 1147 1093 severitas
1200 1045 1369 1108 Papiri
1422 1044 1660 1094 refrenari

149 1129 328 1194 potuit.
403 1127 652 1187 Ceterum,
695 1144 804 1175 cum
841 1127 903 1175 ab
943 1127 1187 1175 universis
1224 1127 1413 1175 civibus
1457 1135 1506 1175 et
1541 1127 1660 1190 ipsis

149 1210 364 1258 tribunis
423 1208 556 1272 plebi
616 1215 886 1272 rogaretur,
939 1213 1150 1255 testatus
1211 1215 1286 1256 est
1340 1224 1390 1256 se
1451 1225 1660 1272 poenam

149 1292 285 1341 illam
315 1308 415 1339 non
442 1290 612 1350 Fabio,
650 1289 736 1339 sed
770 1289 953 1352 populo
989 1295 1038 1337 et
1072 1289 1364 1338 tribuniciae
1394 1288 1659 1338 concedere

148 1373 397 1437 potestati.

231 1613 314 1648 43.
355 1607 551 1647 “Whac?
590 1606 693 1646 have
722 1619 806 1657 you
834 1619 918 1645 run
941 1605 1066 1656 from
1100 1606 1231 1646 slave-5¹
1261 1607 1352 1646 that
1386 1619 1487 1657 apes
1521 1606 1660 1646 would

882 1674 1042 1714 beac?’'

1286 1743 1533 1788 Coriolanus,
1564 1743 1588 1780 i.
1620 1743 1654 1780 4.

220 1857 270 1907 L.
309 1873 507 1922 quoque
546 1856 844 1919 Calpurnius
881 1856 996 1904 Piso
1035 1855 1219 1915 consul,
1257 1873 1365 1904 cum
1402 1856 1453 1903 in
1492 1855 1660 1904 Sicilia

148 1941 335 1990 bellum
401 1939 635 1988 adversus
702 1938 938 2002 fugitivos
1004 1945 1196 2001 gereret
1264 1944 1314 1986 et
1378 1937 1430 1987 C.
1494 1937 1658 1986 Titius

150 2023 375 2088 equitum
441 2020 718 2085 praefectus
778 2020 1102 2068 multitudine
1169 2020 1388 2067 hostium
1458 2019 1658 2067 circum-

149 2110 329 2154 ventus
389 2119 524 2151 arma
582 2102 642 2150 iis
692 2101 993 2160 tradidisset,
1046 2101 1123 2149 his
1171 2100 1476 2163 praefectum
1523 2100 1657 2164 igno-

149 2186 329 2234 miniae
371 2184 634 2248 generibus
679 2183 892 2232 adfecit:
951 2182 1097 2230 iussit
1140 2198 1253 2231 eum
1301 2188 1418 2246 toga
1464 2182 1656 2230 laciniis

149 2266 373 2317 abscissis
407 2266 641 2314 amictum
675 2265 1012 2328 discinctaque
1038 2263 1206 2312 tunica
1239 2263 1475 2312 indutum
1508 2263 1656 2312 nudis

147 2348 358 2413 pedibus
401 2365 429 2396 a
467 2363 611 2395 mane
654 2347 705 2394 in
744 2352 941 2394 noctem
979 2361 1134 2408 usque
1177 2344 1240 2392 ad
1284 2344 1528 2409 principia
1568 2361 1657 2408 per

147 2447 292 2479 omne
335 2436 532 2493 tempus
583 2428 789 2476 militiae
841 2427 1022 2476 adesse.
1097 2426 1368 2474 Interdixit
1418 2427 1568 2474 etiam
1611 2426 1654 2473 ei

147 2512 429 2567 convictum
466 2510 724 2566 hominum
761 2525 1001 2576 usumque
1039 2508 1340 2567 balnearum,
1369 2513 1655 2569 turmasque
