1811 2828
93 162 96 163 ⁷
166 181 215 220 16
590 178 896 219 VALERIUS
938 178 1241 220 MAXIMUS.

245 305 323 340 2⁵.
494 301 679 340 “Stones
709 301 813 340 have
843 301 938 340 been
969 300 1116 341 known
1145 307 1185 340 to
1215 301 1374 340 move.”

1313 368 1515 415 Macheth,
1547 369 1602 407 iii.
1633 370 1668 406 5.

229 479 462 528 Referam
496 496 626 527 nunc
662 480 795 543 quod
825 497 912 529 suo
943 480 1136 529 saeculo
1166 481 1422 544 cognitum
1450 481 1673 529 manavit

162 561 223 609 ad
259 567 498 624 posteros,
527 562 806 625 penetrales
843 562 961 611 deos
994 562 1218 611 Aeneam
1254 562 1404 610 Troia
1440 562 1672 610 advectos

163 641 341 690 Lavini
379 642 671 702 conlocasse,
699 643 816 692 inde
854 643 915 691 ab
949 644 1163 691 Ascanio
1200 643 1303 692 filio
1341 643 1445 691 eius
1473 642 1670 704 Albam,

161 739 311 785 quam
345 723 448 786 ipse
483 723 786 784 condiderat,
817 724 1084 773 translatos
1115 724 1383 788 pristinum
1409 725 1673 773 sacrarium

162 804 411 867 repetisse,
443 810 493 852 et
523 805 639 868 quia
668 804 721 853 id
752 805 970 853 humana
999 822 1150 854 manu
1180 805 1367 854 factum
1399 805 1672 854 existimari

161 891 371 948 poterat,
390 885 574 934 relatos
591 886 773 935 Albam
790 887 1103 936 voluntatem
1122 903 1263 936 suam
1283 887 1438 936 altero
1458 888 1672 937 transitu

160 966 474 1030 significasse.

227 1047 381 1096 Facta
405 1048 659 1096 mentione
686 1049 834 1109 urbis,
860 1067 884 1097 e
904 1066 1002 1113 qua
1021 1050 1293 1114 primordia
1313 1050 1485 1099 civitas
1505 1056 1674 1099 nostra

161 1130 332 1189 traxit,
363 1129 508 1178 divus
533 1130 694 1179 Iulius
719 1131 881 1179 fausta
907 1131 1069 1195 proles
1095 1132 1198 1180 eius
1225 1148 1274 1181 se
1299 1132 1444 1181 nobis
1474 1132 1646 1181 obfert.

229 1212 388 1272 Quem
416 1211 466 1261 O.
499 1212 698 1261 Cassius
724 1230 997 1276 numquam
1024 1214 1129 1262 sine
1155 1214 1460 1276 praefatione
1490 1213 1672 1278 publici

160 1293 411 1357 parricidii
453 1294 801 1353 nominandus,
850 1311 961 1342 cum
1004 1294 1057 1342 in
1099 1295 1200 1343 acie
1244 1295 1557 1359 Philippensi
1604 1312 1674 1343 ar-

161 1374 456 1423 dentissimo
517 1375 682 1423 animo
743 1381 1001 1439 perstaret,
1051 1376 1182 1424 vidit
1234 1376 1451 1425 humano
1498 1376 1674 1425 habitu

161 1457 514 1520 augustiorem,
547 1473 796 1520 purpureo
827 1457 1182 1521 paludamento
1212 1458 1461 1517 amictum,
1494 1457 1674 1506 minaci

160 1537 304 1585 vultu
331 1543 381 1585 et
407 1537 654 1586 concitato
681 1554 807 1601 equo
832 1539 884 1586 in
911 1555 961 1587 se
986 1539 1233 1603 impetum
1257 1539 1532 1588 facientem.

229 1618 339 1678 Quo
376 1618 615 1682 adspectu
649 1620 943 1683 perterritus
979 1626 1175 1684 tergum
1209 1620 1342 1669 hosti
1375 1620 1526 1679 dedit,
1555 1637 1672 1669 voce

160 1699 246 1748 illa
297 1700 434 1762 prius
488 1701 694 1749 emissa:
759 1700 917 1761 ‘Quid
971 1703 1103 1750 enim
1157 1702 1367 1766 amplius
1421 1719 1577 1765 agam,
1632 1702 1672 1749 si

162 1780 397 1829 occidisse
433 1797 611 1844 parum
648 1781 785 1831 estZ'

228 1863 345 1910 Non
383 1864 629 1911 occideras
666 1870 722 1912 tu
757 1864 972 1927 quidem,
1003 1864 1154 1924 Cassi,
1186 1866 1444 1913 Caesarem
1462 1883 1475 1925 3
1511 1879 1672 1927 neque

163 1944 292 1992 enim
319 1944 421 1992 ulla
446 1945 697 2009 exstingui
723 1945 960 1995 divinitas
987 1952 1161 2010 potest.

245 2161 325 2196 26.
385 2158 515 2197 “For
542 2170 673 2209 many
703 2172 797 2198 men
827 2159 917 2198 that
946 2159 1116 2199 stumble
1146 2165 1191 2199 at
1221 2160 1286 2199 the
1317 2159 1542 2207 threshold‚

435 2228 524 2265 Are
554 2228 644 2266 well
672 2228 854 2274 foretolsl
884 2228 973 2267 that
1004 2229 1167 2279 danyer
1195 2227 1312 2268 Zurks
1341 2227 1530 2268 within.’'

1189 2297 1227 2334 -3
1254 2298 1398 2345 Henry
1427 2297 1519 2342 VI.,
1548 2296 1600 2333 iv.
1631 2297 1665 2335 7.

230 2405 476 2454 Simonidi
508 2407 638 2471 apud
671 2408 879 2472 Scopam
905 2408 1104 2457 cenanti
1131 2408 1407 2468 Crannone,
1437 2407 1571 2473 quod
1596 2416 1670 2455 est

159 2487 211 2534 in
237 2487 492 2536 Thessalia
518 2489 772 2552 oppidum,
799 2490 1088 2538 nuntiatum
1120 2496 1195 2538 est
1224 2490 1350 2539 duos
1378 2491 1580 2538 iuvenes
1606 2489 1669 2538 ad
