<?xml version="1.0" encoding="UTF-8"?>
<!DOCTYPE html PUBLIC "-//W3C//DTD XHTML 1.0 Transitional//EN"
    "http://www.w3.org/TR/xhtml1/DTD/xhtml1-transitional.dtd">
<html xmlns="http://www.w3.org/1999/xhtml" xml:lang="en" lang="en">
 <head>
  <title>
</title>
<meta http-equiv="Content-Type" content="text/html;charset=utf-8" />
  <meta name='ocr-system' content='tesseract 3.04.00' />
  <meta name='ocr-capabilities' content='ocr_page ocr_carea ocr_par ocr_line ocrx_word'/>
</head>
<body>
  <div class='ocr_page' id='page_1' title='image "./selectionsfroman00valeuoft_0038.png"; bbox 0 0 1811 2828; ppageno 0'>
   <div class='ocr_carea' id='block_1_1' title="bbox 184 213 1257 259">
    <p class='ocr_par' dir='ltr' id='par_1_1' title="bbox 184 213 1257 259">
     <span class='ocr_line' id='line_1_1' title="bbox 184 213 1257 259; baseline 0.001 -1"><span class='ocrx_word' id='word_1_1' title='bbox 184 214 236 258; x_wconf 71' lang='lat'>*22</span> <span class='ocrx_word' id='word_1_2' title='bbox 609 213 914 259; x_wconf 80' lang='lat' dir='ltr'><strong>VALERIUS</strong></span> <span class='ocrx_word' id='word_1_3' title='bbox 956 218 1257 259; x_wconf 83' lang='lat' dir='ltr'><strong>MAXIMUS.</strong></span> 
     </span>
    </p>
   </div>
   <div class='ocr_carea' id='block_1_2' title="bbox 183 338 1688 970">
    <p class='ocr_par' dir='ltr' id='par_1_2' title="bbox 183 338 1688 970">
     <span class='ocr_line' id='line_1_2' title="bbox 184 338 1686 402; baseline 0.001 -16"><span class='ocrx_word' id='word_1_4' title='bbox 184 340 500 402; x_wconf 84' lang='lat' dir='ltr'>pontificibus</span> <span class='ocrx_word' id='word_1_5' title='bbox 525 346 699 387; x_wconf 88' lang='lat' dir='ltr'>notum</span> <span class='ocrx_word' id='word_1_6' title='bbox 726 339 813 388; x_wconf 88' lang='lat' dir='ltr'>Cn.</span> <span class='ocrx_word' id='word_1_7' title='bbox 844 339 1042 387; x_wconf 86' lang='lat' dir='ltr'>Flavius</span> <span class='ocrx_word' id='word_1_8' title='bbox 1068 338 1299 387; x_wconf 88' lang='lat' dir='ltr'>libertino</span> <span class='ocrx_word' id='word_1_9' title='bbox 1324 346 1464 402; x_wconf 88' lang='lat' dir='ltr'>patre</span> <span class='ocrx_word' id='word_1_10' title='bbox 1489 338 1686 402; x_wconf 88' lang='lat' dir='ltr'>genitus</span> 
     </span>
     <span class='ocr_line' id='line_1_3' title="bbox 183 420 1686 484; baseline 0 -16"><span class='ocrx_word' id='word_1_11' title='bbox 183 426 234 468; x_wconf 91' lang='lat' dir='ltr'>et</span> <span class='ocrx_word' id='word_1_12' title='bbox 271 420 440 480; x_wconf 86' lang='lat' dir='ltr'>scriba,</span> <span class='ocrx_word' id='word_1_13' title='bbox 478 438 587 468; x_wconf 91' lang='lat' dir='ltr'>cum</span> <span class='ocrx_word' id='word_1_14' title='bbox 613 420 803 482; x_wconf 85' lang='lat' dir='ltr'>ingenti</span> <span class='ocrx_word' id='word_1_15' title='bbox 840 420 1114 468; x_wconf 74' lang='lat' dir='ltr'>nobilitatis</span> <span class='ocrx_word' id='word_1_16' title='bbox 1152 420 1493 484; x_wconf 82' lang='lat' dir='ltr'>indignatione</span> <span class='ocrx_word' id='word_1_17' title='bbox 1529 420 1686 468; x_wconf 87' lang='lat' dir='ltr'>factus</span> 
     </span>
     <span class='ocr_line' id='line_1_4' title="bbox 185 501 1687 565; baseline 0.001 -17"><span class='ocrx_word' id='word_1_18' title='bbox 185 501 356 549; x_wconf 85' lang='lat' dir='ltr'>aedilis</span> <span class='ocrx_word' id='word_1_19' title='bbox 407 501 603 558; x_wconf 87' lang='lat' dir='ltr'>curulis,</span> <span class='ocrx_word' id='word_1_20' title='bbox 650 501 886 565; x_wconf 90' lang='lat' dir='ltr'>vulgavit,</span> <span class='ocrx_word' id='word_1_21' title='bbox 931 518 986 549; x_wconf 90' lang='lat' dir='ltr'>ac</span> <span class='ocrx_word' id='word_1_22' title='bbox 1027 501 1179 549; x_wconf 90' lang='lat' dir='ltr'>fastos</span> <span class='ocrx_word' id='word_1_23' title='bbox 1228 517 1383 564; x_wconf 90' lang='lat' dir='ltr'>paene</span> <span class='ocrx_word' id='word_1_24' title='bbox 1431 506 1540 549; x_wconf 88' lang='lat' dir='ltr'>toto</span> <span class='ocrx_word' id='word_1_25' title='bbox 1581 501 1687 549; x_wconf 88' lang='lat' dir='ltr'>foro</span> 
     </span>
     <span class='ocr_line' id='line_1_5' title="bbox 185 581 1688 647; baseline 0 -17"><span class='ocrx_word' id='word_1_26' title='bbox 185 582 426 645; x_wconf 80' lang='lat' dir='ltr'>exposuit.</span> <span class='ocrx_word' id='word_1_27' title='bbox 501 582 597 642; x_wconf 76' lang='lat' dir='ltr'>Qui</span> <span class='ocrx_word' id='word_1_28' title='bbox 648 599 758 630; x_wconf 87' lang='lat' dir='ltr'>cum</span> <span class='ocrx_word' id='word_1_29' title='bbox 801 582 862 630; x_wconf 90' lang='lat' dir='ltr'>ad</span> <span class='ocrx_word' id='word_1_30' title='bbox 912 581 1171 630; x_wconf 90' lang='lat' dir='ltr'>visendum</span> <span class='ocrx_word' id='word_1_31' title='bbox 1210 599 1410 647; x_wconf 87' lang='lat' dir='ltr'>aegrum</span> <span class='ocrx_word' id='word_1_32' title='bbox 1452 581 1688 645; x_wconf 81' lang='lat' dir='ltr'>collegam</span> 
     </span>
     <span class='ocr_line' id='line_1_6' title="bbox 186 662 1682 727; baseline 0 -17"><span class='ocrx_word' id='word_1_33' title='bbox 186 679 326 710; x_wconf 83' lang='lat' dir='ltr'>suum</span> <span class='ocrx_word' id='word_1_34' title='bbox 364 663 569 720; x_wconf 84' lang='lat' dir='ltr'>veniret,</span> <span class='ocrx_word' id='word_1_35' title='bbox 606 679 766 726; x_wconf 89' lang='lat' dir='ltr'>neque</span> <span class='ocrx_word' id='word_1_36' title='bbox 803 680 831 711; x_wconf 91' lang='lat' dir='ltr'>a</span> <span class='ocrx_word' id='word_1_37' title='bbox 866 663 1130 720; x_wconf 59' lang='lat' dir='ltr'>nobilibus</span> <span class='ocrx_word' id='word_1_38' title='bbox 1164 680 1373 727; x_wconf 89' lang='lat' dir='ltr'>quorum</span> <span class='ocrx_word' id='word_1_39' title='bbox 1408 662 1682 726; x_wconf 81' lang='lat' dir='ltr'>frequentia</span> 
     </span>
     <span class='ocr_line' id='line_1_7' title="bbox 185 743 1683 807; baseline -0.001 -15"><span class='ocrx_word' id='word_1_40' title='bbox 185 744 461 792; x_wconf 81' lang='lat' dir='ltr'>cubiculum</span> <span class='ocrx_word' id='word_1_41' title='bbox 499 749 603 792; x_wconf 87' lang='lat' dir='ltr'>erat</span> <span class='ocrx_word' id='word_1_42' title='bbox 640 743 953 807; x_wconf 89' lang='lat' dir='ltr'>completum,</span> <span class='ocrx_word' id='word_1_43' title='bbox 988 743 1193 792; x_wconf 92' lang='lat' dir='ltr'>sedendi</span> <span class='ocrx_word' id='word_1_44' title='bbox 1229 744 1334 792; x_wconf 89' lang='lat' dir='ltr'>loco</span> <span class='ocrx_word' id='word_1_45' title='bbox 1371 743 1683 807; x_wconf 84' lang='lat' dir='ltr'>reciperetur,</span> 
     </span>
     <span class='ocr_line' id='line_1_8' title="bbox 185 824 1684 884; baseline 0.001 -12"><span class='ocrx_word' id='word_1_46' title='bbox 185 825 355 873; x_wconf 90' lang='lat' dir='ltr'>sellam</span> <span class='ocrx_word' id='word_1_47' title='bbox 414 825 634 873; x_wconf 88' lang='lat' dir='ltr'>curulem</span> <span class='ocrx_word' id='word_1_48' title='bbox 694 825 876 873; x_wconf 84' lang='lat' dir='ltr'>adferri</span> <span class='ocrx_word' id='word_1_49' title='bbox 935 825 1093 884; x_wconf 93' lang='lat' dir='ltr'>iussit,</span> <span class='ocrx_word' id='word_1_50' title='bbox 1158 831 1208 873; x_wconf 90' lang='lat' dir='ltr'>et</span> <span class='ocrx_word' id='word_1_51' title='bbox 1266 825 1318 872; x_wconf 91' lang='lat' dir='ltr'>in</span> <span class='ocrx_word' id='word_1_52' title='bbox 1372 841 1429 874; x_wconf 87' lang='lat' dir='ltr'>ea</span> <span class='ocrx_word' id='word_1_53' title='bbox 1486 824 1684 874; x_wconf 89' lang='lat' dir='ltr'>honoris</span> 
     </span>
     <span class='ocr_line' id='line_1_9' title="bbox 184 904 1512 970; baseline 0.002 -17"><span class='ocrx_word' id='word_1_54' title='bbox 184 906 367 969; x_wconf 83' lang='lat' dir='ltr'>pariter</span> <span class='ocrx_word' id='word_1_55' title='bbox 405 912 553 969; x_wconf 88' lang='lat' dir='ltr'>atque</span> <span class='ocrx_word' id='word_1_56' title='bbox 590 912 905 970; x_wconf 88' lang='lat' dir='ltr'>contemptus</span> <span class='ocrx_word' id='word_1_57' title='bbox 943 907 1018 954; x_wconf 90' lang='lat' dir='ltr'>sui</span> <span class='ocrx_word' id='word_1_58' title='bbox 1054 904 1241 954; x_wconf 88' lang='lat' dir='ltr'>vindex</span> <span class='ocrx_word' id='word_1_59' title='bbox 1277 905 1512 955; x_wconf 84' lang='lat' dir='ltr'>consedit.</span> 
     </span>
    </p>
   </div>
   <div class='ocr_carea' id='block_1_3' title="bbox 267 1211 1681 1325">
    <p class='ocr_par' dir='ltr' id='par_1_3' title="bbox 267 1211 1681 1325">
     <span class='ocr_line' id='line_1_10' title="bbox 267 1211 1363 1264; baseline -0.001 -12"><span class='ocrx_word' id='word_1_60' title='bbox 267 1220 347 1252; x_wconf 82' lang='grc'>33.</span> <span class='ocrx_word' id='word_1_61' title='bbox 560 1216 588 1234; x_wconf 88' lang='lat'>“</span> <span class='ocrx_word' id='word_1_62' title='bbox 616 1214 681 1255; x_wconf 93' lang='lat' dir='ltr'>We</span> <span class='ocrx_word' id='word_1_63' title='bbox 711 1212 797 1253; x_wconf 70' lang='lat' dir='ltr'>wilc</span> <span class='ocrx_word' id='word_1_64' title='bbox 825 1226 944 1264; x_wconf 76' lang='lat' dir='ltr'>every</span> <span class='ocrx_word' id='word_1_65' title='bbox 973 1225 1047 1253; x_wconf 78' lang='lat' dir='ltr'>one</span> <span class='ocrx_word' id='word_1_66' title='bbox 1076 1212 1120 1252; x_wconf 88' lang='lat' dir='ltr'>be</span> <span class='ocrx_word' id='word_1_67' title='bbox 1148 1211 1363 1253; x_wconf 74' lang='lat' dir='ltr'>masked.&#39;’</span> 
     </span>
     <span class='ocr_line' id='line_1_11' title="bbox 1058 1279 1681 1325; baseline 0.002 -9"><span class='ocrx_word' id='word_1_68' title='bbox 1058 1279 1196 1318; x_wconf 91' lang='lat' dir='ltr'>Love’s</span> <span class='ocrx_word' id='word_1_69' title='bbox 1224 1279 1414 1317; x_wconf 84' lang='lat' dir='ltr'>Labour’s</span> <span class='ocrx_word' id='word_1_70' title='bbox 1442 1280 1548 1325; x_wconf 83' lang='lat' dir='ltr'>Lost,</span> <span class='ocrx_word' id='word_1_71' title='bbox 1580 1292 1615 1317; x_wconf 90' lang='lat' dir='ltr'>v.</span> <span class='ocrx_word' id='word_1_72' title='bbox 1647 1279 1681 1317; x_wconf 84' lang='lat'>2.</span> 
     </span>
    </p>
   </div>
   <div class='ocr_carea' id='block_1_4' title="bbox 176 1381 1684 2501">
    <p class='ocr_par' dir='ltr' id='par_1_4' title="bbox 181 1381 1684 1676">
     <span class='ocr_line' id='line_1_12' title="bbox 251 1381 1684 1448; baseline -0.003 -14"><span class='ocrx_word' id='word_1_73' title='bbox 251 1386 532 1434; x_wconf 85' lang='lat' dir='ltr'>Tibicinum</span> <span class='ocrx_word' id='word_1_74' title='bbox 585 1385 845 1448; x_wconf 82' lang='lat' dir='ltr'>collegium</span> <span class='ocrx_word' id='word_1_75' title='bbox 897 1383 1023 1431; x_wconf 93' lang='lat' dir='ltr'>solet</span> <span class='ocrx_word' id='word_1_76' title='bbox 1072 1383 1123 1430; x_wconf 96' lang='lat' dir='ltr'>in</span> <span class='ocrx_word' id='word_1_77' title='bbox 1177 1382 1285 1431; x_wconf 89' lang='lat' dir='ltr'>foro</span> <span class='ocrx_word' id='word_1_78' title='bbox 1334 1382 1470 1446; x_wconf 84' lang='lat' dir='ltr'>vulgi</span> <span class='ocrx_word' id='word_1_79' title='bbox 1521 1381 1684 1430; x_wconf 90' lang='lat' dir='ltr'>oculos</span> 
     </span>
     <span class='ocr_line' id='line_1_13' title="bbox 183 1463 1684 1526; baseline -0.003 -12"><span class='ocrx_word' id='word_1_80' title='bbox 183 1468 233 1514; x_wconf 87' lang='lat' dir='ltr'>in</span> <span class='ocrx_word' id='word_1_81' title='bbox 287 1483 336 1514; x_wconf 92' lang='lat' dir='ltr'>se</span> <span class='ocrx_word' id='word_1_82' title='bbox 391 1472 690 1524; x_wconf 84' lang='lat' dir='ltr'>convertere,</span> <span class='ocrx_word' id='word_1_83' title='bbox 746 1481 857 1512; x_wconf 93' lang='lat' dir='ltr'>cum</span> <span class='ocrx_word' id='word_1_84' title='bbox 915 1464 1046 1512; x_wconf 85' lang='lat' dir='ltr'>inter</span> <span class='ocrx_word' id='word_1_85' title='bbox 1098 1463 1319 1526; x_wconf 91' lang='lat' dir='ltr'>publicas</span> <span class='ocrx_word' id='word_1_86' title='bbox 1369 1463 1684 1526; x_wconf 87' lang='lat' dir='ltr'>privatasque</span> 
     </span>
     <span class='ocr_line' id='line_1_14' title="bbox 181 1544 1684 1610; baseline -0.002 -15"><span class='ocrx_word' id='word_1_87' title='bbox 181 1547 331 1596; x_wconf 88' lang='lat' dir='ltr'>serias</span> <span class='ocrx_word' id='word_1_88' title='bbox 375 1547 591 1595; x_wconf 85' lang='lat' dir='ltr'>actiones</span> <span class='ocrx_word' id='word_1_89' title='bbox 634 1545 855 1610; x_wconf 89' lang='lat' dir='ltr'>personis</span> <span class='ocrx_word' id='word_1_90' title='bbox 898 1550 1030 1593; x_wconf 88' lang='lat' dir='ltr'>tecto</span> <span class='ocrx_word' id='word_1_91' title='bbox 1071 1545 1230 1608; x_wconf 90' lang='lat' dir='ltr'>capite</span> <span class='ocrx_word' id='word_1_92' title='bbox 1273 1544 1506 1608; x_wconf 85' lang='lat' dir='ltr'>variaque</span> <span class='ocrx_word' id='word_1_93' title='bbox 1547 1551 1684 1592; x_wconf 85' lang='lat' dir='ltr'>veste</span> 
     </span>
     <span class='ocr_line' id='line_1_15' title="bbox 181 1624 1498 1676; baseline -0.002 -2"><span class='ocrx_word' id='word_1_94' title='bbox 181 1627 400 1676; x_wconf 85' lang='lat' dir='ltr'>velatum</span> <span class='ocrx_word' id='word_1_95' title='bbox 437 1632 702 1675; x_wconf 82' lang='lat' dir='ltr'>concentus</span> <span class='ocrx_word' id='word_1_96' title='bbox 741 1626 854 1674; x_wconf 88' lang='lat' dir='ltr'>edit.</span> <span class='ocrx_word' id='word_1_97' title='bbox 932 1625 1055 1673; x_wconf 91' lang='lat' dir='ltr'>Inde</span> <span class='ocrx_word' id='word_1_98' title='bbox 1093 1631 1248 1673; x_wconf 87' lang='lat' dir='ltr'>tracta</span> <span class='ocrx_word' id='word_1_99' title='bbox 1284 1624 1498 1673; x_wconf 88' lang='lat' dir='ltr'>licentia.</span> 
     </span>
    </p>

    <p class='ocr_par' dir='ltr' id='par_1_5' title="bbox 176 1705 1683 2501">
     <span class='ocr_line' id='line_1_16' title="bbox 249 1705 1683 1770; baseline -0.002 -14"><span class='ocrx_word' id='word_1_100' title='bbox 249 1708 512 1769; x_wconf 76' lang='lat' dir='ltr'>Quondam</span> <span class='ocrx_word' id='word_1_101' title='bbox 554 1708 698 1755; x_wconf 90' lang='lat' dir='ltr'>vetiti</span> <span class='ocrx_word' id='word_1_102' title='bbox 734 1707 786 1755; x_wconf 93' lang='lat' dir='ltr'>in</span> <span class='ocrx_word' id='word_1_103' title='bbox 830 1706 948 1755; x_wconf 88' lang='lat' dir='ltr'>aede</span> <span class='ocrx_word' id='word_1_104' title='bbox 986 1706 1133 1764; x_wconf 87' lang='lat' dir='ltr'>Iovis,</span> <span class='ocrx_word' id='word_1_105' title='bbox 1174 1705 1306 1770; x_wconf 90' lang='lat' dir='ltr'>quod</span> <span class='ocrx_word' id='word_1_106' title='bbox 1349 1706 1507 1770; x_wconf 89' lang='lat' dir='ltr'>prisco</span> <span class='ocrx_word' id='word_1_107' title='bbox 1549 1722 1683 1754; x_wconf 85' lang='lat' dir='ltr'>more</span> 
     </span>
     <span class='ocr_line' id='line_1_17' title="bbox 179 1786 1679 1847; baseline -0.003 -9"><span class='ocrx_word' id='word_1_108' title='bbox 179 1790 541 1847; x_wconf 79' lang='lat' dir='ltr'>factitaverant,</span> <span class='ocrx_word' id='word_1_109' title='bbox 616 1789 747 1837; x_wconf 87' lang='lat' dir='ltr'>vesci</span> <span class='ocrx_word' id='word_1_110' title='bbox 818 1788 976 1836; x_wconf 89' lang='lat' dir='ltr'>Tibur</span> <span class='ocrx_word' id='word_1_111' title='bbox 1046 1788 1160 1836; x_wconf 85' lang='lat' dir='ltr'>irati</span> <span class='ocrx_word' id='word_1_112' title='bbox 1231 1805 1281 1835; x_wconf 91' lang='lat' dir='ltr'>se</span> <span class='ocrx_word' id='word_1_113' title='bbox 1351 1786 1679 1835; x_wconf 88' lang='lat' dir='ltr'>contulerunt.</span> 
     </span>
     <span class='ocr_line' id='line_1_18' title="bbox 181 1869 1682 1932; baseline -0.003 -12"><span class='ocrx_word' id='word_1_114' title='bbox 181 1872 399 1932; x_wconf 79' lang='lat' dir='ltr'>Quorum</span> <span class='ocrx_word' id='word_1_115' title='bbox 437 1870 711 1917; x_wconf 87' lang='lat' dir='ltr'>ministerio</span> <span class='ocrx_word' id='word_1_116' title='bbox 751 1876 950 1917; x_wconf 88' lang='lat' dir='ltr'>senatus</span> <span class='ocrx_word' id='word_1_117' title='bbox 990 1869 1186 1918; x_wconf 87' lang='lat' dir='ltr'>deserta</span> <span class='ocrx_word' id='word_1_118' title='bbox 1222 1885 1356 1916; x_wconf 86' lang='lat' dir='ltr'>sacra</span> <span class='ocrx_word' id='word_1_119' title='bbox 1391 1884 1490 1916; x_wconf 92' lang='lat' dir='ltr'>non</span> <span class='ocrx_word' id='word_1_120' title='bbox 1527 1884 1682 1930; x_wconf 87' lang='lat' dir='ltr'>aequo</span> 
     </span>
     <span class='ocr_line' id='line_1_19' title="bbox 179 1949 1681 2014; baseline -0.003 -14"><span class='ocrx_word' id='word_1_121' title='bbox 179 1953 343 2000; x_wconf 88' lang='lat' dir='ltr'>animo</span> <span class='ocrx_word' id='word_1_122' title='bbox 380 1951 542 2000; x_wconf 88' lang='lat' dir='ltr'>ferens</span> <span class='ocrx_word' id='word_1_123' title='bbox 583 1967 670 2014; x_wconf 85' lang='lat' dir='ltr'>per</span> <span class='ocrx_word' id='word_1_124' title='bbox 706 1950 894 2014; x_wconf 89' lang='lat' dir='ltr'>legatos</span> <span class='ocrx_word' id='word_1_125' title='bbox 932 1968 959 1998; x_wconf 90' lang='lat' dir='ltr'>a</span> <span class='ocrx_word' id='word_1_126' title='bbox 995 1950 1284 1999; x_wconf 87' lang='lat' dir='ltr'>Tiburtibus</span> <span class='ocrx_word' id='word_1_127' title='bbox 1326 1949 1472 2012; x_wconf 90' lang='lat' dir='ltr'>petiit</span> <span class='ocrx_word' id='word_1_128' title='bbox 1508 1954 1564 1996; x_wconf 86' lang='lat' dir='ltr'>ut</span> <span class='ocrx_word' id='word_1_129' title='bbox 1601 1965 1681 1996; x_wconf 92' lang='lat' dir='ltr'>eos</span> 
     </span>
     <span class='ocr_line' id='line_1_20' title="bbox 178 2029 1681 2098; baseline -0.003 -17"><span class='ocrx_word' id='word_1_130' title='bbox 178 2033 338 2098; x_wconf 86' lang='lat' dir='ltr'>gratia</span> <span class='ocrx_word' id='word_1_131' title='bbox 379 2048 468 2080; x_wconf 90' lang='lat' dir='ltr'>sua</span> <span class='ocrx_word' id='word_1_132' title='bbox 504 2031 740 2079; x_wconf 80' lang='lat' dir='ltr'>Romanis</span> <span class='ocrx_word' id='word_1_133' title='bbox 783 2031 980 2095; x_wconf 89' lang='lat' dir='ltr'>templis</span> <span class='ocrx_word' id='word_1_134' title='bbox 1022 2032 1353 2079; x_wconf 87' lang='lat' dir='ltr'>restituerent.</span> <span class='ocrx_word' id='word_1_135' title='bbox 1428 2029 1561 2089; x_wconf 77' lang='lat' dir='ltr'>Quos</span> <span class='ocrx_word' id='word_1_136' title='bbox 1609 2029 1681 2076; x_wconf 93' lang='lat' dir='ltr'>illi</span> 
     </span>
     <span class='ocr_line' id='line_1_21' title="bbox 178 2109 1680 2178; baseline -0.005 -15"><span class='ocrx_word' id='word_1_137' title='bbox 178 2116 229 2162; x_wconf 89' lang='lat' dir='ltr'>in</span> <span class='ocrx_word' id='word_1_138' title='bbox 273 2113 525 2178; x_wconf 85' lang='lat' dir='ltr'>proposito</span> <span class='ocrx_word' id='word_1_139' title='bbox 564 2124 951 2175; x_wconf 87' lang='lat' dir='ltr'>perseverantes,</span> <span class='ocrx_word' id='word_1_140' title='bbox 993 2110 1286 2174; x_wconf 88' lang='lat' dir='ltr'>interposita</span> <span class='ocrx_word' id='word_1_141' title='bbox 1324 2110 1477 2158; x_wconf 86' lang='lat' dir='ltr'>festae</span> <span class='ocrx_word' id='word_1_142' title='bbox 1522 2109 1680 2172; x_wconf 86' lang='lat' dir='ltr'>epula-</span> 
     </span>
     <span class='ocr_line' id='line_1_22' title="bbox 177 2190 1680 2256; baseline -0.005 -12"><span class='ocrx_word' id='word_1_143' title='bbox 177 2196 327 2245; x_wconf 91' lang='lat' dir='ltr'>tionis</span> <span class='ocrx_word' id='word_1_144' title='bbox 369 2194 700 2252; x_wconf 88' lang='lat' dir='ltr'>simulatione,</span> <span class='ocrx_word' id='word_1_145' title='bbox 741 2210 876 2242; x_wconf 88' lang='lat' dir='ltr'>mero</span> <span class='ocrx_word' id='word_1_146' title='bbox 914 2209 1183 2256; x_wconf 91' lang='lat' dir='ltr'>somnoque</span> <span class='ocrx_word' id='word_1_147' title='bbox 1220 2192 1405 2254; x_wconf 89' lang='lat' dir='ltr'>sopitos</span> <span class='ocrx_word' id='word_1_148' title='bbox 1447 2190 1680 2254; x_wconf 85' lang='lat' dir='ltr'>plaustris</span> 
     </span>
     <span class='ocr_line' id='line_1_23' title="bbox 176 2271 1679 2332; baseline -0.005 -7"><span class='ocrx_word' id='word_1_149' title='bbox 176 2278 227 2325; x_wconf 89' lang='lat' dir='ltr'>in</span> <span class='ocrx_word' id='word_1_150' title='bbox 263 2277 435 2324; x_wconf 87' lang='lat' dir='ltr'>urbem</span> <span class='ocrx_word' id='word_1_151' title='bbox 475 2275 790 2324; x_wconf 85' lang='lat' dir='ltr'>devehendos</span> <span class='ocrx_word' id='word_1_152' title='bbox 829 2280 1138 2322; x_wconf 86' lang='lat' dir='ltr'>curaverunt.</span> <span class='ocrx_word' id='word_1_153' title='bbox 1213 2273 1401 2332; x_wconf 77' lang='lat' dir='ltr'>Quibus</span> <span class='ocrx_word' id='word_1_154' title='bbox 1438 2277 1488 2319; x_wconf 93' lang='lat' dir='ltr'>et</span> <span class='ocrx_word' id='word_1_155' title='bbox 1523 2271 1679 2319; x_wconf 90' lang='lat' dir='ltr'>honos</span> 
     </span>
     <span class='ocr_line' id='line_1_24' title="bbox 176 2353 1674 2421; baseline -0.004 -16"><span class='ocrx_word' id='word_1_156' title='bbox 176 2358 414 2421; x_wconf 82' lang='lat' dir='ltr'>pristinus</span> <span class='ocrx_word' id='word_1_157' title='bbox 457 2357 718 2404; x_wconf 82' lang='lat' dir='ltr'>restitutus</span> <span class='ocrx_word' id='word_1_158' title='bbox 756 2363 806 2404; x_wconf 84' lang='lat' dir='ltr'>et</span> <span class='ocrx_word' id='word_1_159' title='bbox 847 2356 1049 2403; x_wconf 88' lang='lat' dir='ltr'>huiusce</span> <span class='ocrx_word' id='word_1_160' title='bbox 1086 2354 1221 2402; x_wconf 85' lang='lat' dir='ltr'>lusus</span> <span class='ocrx_word' id='word_1_161' title='bbox 1258 2354 1334 2401; x_wconf 89' lang='lat' dir='ltr'>ius</span> <span class='ocrx_word' id='word_1_162' title='bbox 1378 2359 1452 2401; x_wconf 89' lang='lat' dir='ltr'>est</span> <span class='ocrx_word' id='word_1_163' title='bbox 1488 2353 1674 2400; x_wconf 88' lang='lat' dir='ltr'>datum.</span> 
     </span>
     <span class='ocr_line' id='line_1_25' title="bbox 180 2433 1675 2501; baseline -0.005 -14"><span class='ocrx_word' id='word_1_164' title='bbox 180 2441 505 2488; x_wconf 84' lang='lat' dir='ltr'>Personarum</span> <span class='ocrx_word' id='word_1_165' title='bbox 539 2455 655 2486; x_wconf 89' lang='lat' dir='ltr'>usus</span> <span class='ocrx_word' id='word_1_166' title='bbox 688 2437 928 2501; x_wconf 86' lang='lat' dir='ltr'>pudorem</span> <span class='ocrx_word' id='word_1_167' title='bbox 963 2437 1326 2484; x_wconf 87' lang='lat' dir='ltr'>circumventae</span> <span class='ocrx_word' id='word_1_168' title='bbox 1356 2433 1675 2482; x_wconf 90' lang='lat' dir='ltr'>temulentiae</span> 
     </span>
    </p>
   </div>
   <div class='ocr_carea' id='block_1_5' title="bbox 178 2520 569 2569">
    <p class='ocr_par' dir='ltr' id='par_1_6' title="bbox 178 2520 569 2569">
     <span class='ocr_line' id='line_1_26' title="bbox 178 2520 569 2569; baseline -0.008 0"><span class='ocrx_word' id='word_1_169' title='bbox 178 2537 370 2569; x_wconf 84' lang='lat' dir='ltr'>causam</span> <span class='ocrx_word' id='word_1_170' title='bbox 407 2520 569 2567; x_wconf 87' lang='lat' dir='ltr'>habet.</span> 
     </span>
    </p>
   </div>
  </div>
 </body>
</html>
