1907 2828
457 186 536 228 DE
578 185 729 227 mSCl
739 185 920 227 PLlNA
963 184 1260 227 MILITARI.
1558 186 1603 225 31

98 309 338 375 equitum,
366 308 549 374 quibus
582 308 877 372 praefuerat,
907 306 1154 371 ademptis
1188 306 1328 370 equis
1365 307 1413 354 in
1453 305 1609 354 sundi-

98 397 265 441 toruin
307 390 411 440 alas
452 390 776 454 transcripsit.
852 389 1092 453 Magnum
1133 389 1354 453 profecto
1397 387 1610 437 dedecus

97 471 288 537 patriae
359 472 464 537 pari
534 472 751 520 sontium
824 470 1065 521 dedecore
1137 470 1441 518 vindicatum
1519 478 1609 529 est,

96 543 334 618 quoniam
381 553 585 618 quidem
646 553 696 602 i‹l
757 554 858 617 egit
915 553 1042 610 Piso,
1100 559 1156 601 ut
1203 552 1288 616 qui
1336 551 1609 616 cupiditate

98 634 231 685 vitae
266 633 469 685 adducti
507 651 648 684 cruce
691 633 998 698 dignissimis
1036 634 1260 697 fugitivis
1303 642 1506 698 tropaea
1548 632 1609 682 ‹le

94 732 148 767 se
205 723 426 767 statuere
485 723 830 766 concesserant
890 715 1212 779 libertatique
1272 731 1388 763 suae
1442 714 1608 763 servili

95 814 248 848 manu
307 798 607 864 flagitiosum
671 798 841 863 inponi
904 798 1075 860 iugum
1138 813 1234 845 non
1291 796 1606 855 erubuerant,

94 896 317 930 amarum
361 880 483 930 lucis
519 896 663 929 usum
707 879 1054 944 experirentur
1097 885 1420 942 mortemque,
1459 894 1608 942 quam

93 962 377 1012 effeminate
414 962 699 1020 timuerant,
740 960 951 1010 viriliter
987 967 1232 1025 optarent.

175 1276 261 1313 44.
318 1273 347 1294 “
366 1269 437 1324 Up
465 1277 507 1312 lo
536 1271 600 1311 the
631 1270 839 1318 breaches,
872 1283 952 1322 you
984 1269 1158 1317 rascala,
1193 1269 1278 1308 will
1306 1269 1465 1321 you?”

1216 1339 1355 1386 Henry
1386 1338 1451 1383 V.,
1483 1339 1537 1377 iii.
1570 1340 1604 1377 2.

161 1443 268 1495 Nec
315 1444 481 1494 minus
524 1442 705 1493 Pisone
747 1443 926 1493 acriter
967 1445 1023 1504 Q.
1071 1441 1319 1500 Metellus,
1359 1442 1442 1506 qui
1495 1459 1606 1491 cum

91 1526 155 1578 ad
207 1526 530 1578 Contrebiam
586 1542 662 1576 res
714 1533 984 1589 gereretur,
1037 1524 1316 1573 conlocatas
1371 1541 1399 1573 a
1451 1541 1501 1572 se
1557 1525 1606 1573 in

91 1608 307 1675 quadam
372 1609 587 1658 statione
646 1608 865 1672 quinque
926 1606 1152 1656 cohortes
1213 1614 1362 1670 atque
1429 1622 1490 1655 ex
1551 1623 1608 1655 ea

91 1690 280 1740 viribus
317 1689 535 1740 hostium
565 1688 797 1755 depulsas
836 1697 1058 1754 repetere
1096 1687 1301 1738 eandem
1339 1688 1604 1737 stationem

91 1787 119 1822 e
155 1772 365 1839 vestigio
400 1771 558 1832 iussit,
589 1788 686 1820 non
726 1770 861 1835 quod
898 1779 1121 1835 speraret
1156 1771 1219 1818 ab
1257 1769 1332 1818 his
1370 1771 1605 1819 amissum

91 1852 254 1904 locum
296 1854 574 1918 recuperari
624 1870 780 1919 posse,
826 1852 908 1902 sed
961 1861 1017 1901 ut
1066 1851 1360 1916 praeteritae
1410 1851 1604 1916 culpam

90 1951 286 2002 pugnae
344 1934 655 2000 insequentis
713 1934 995 1983 certaminis
1059 1934 1321 1982 manifesto
1390 1933 1606 1997 periculo

90 2017 304 2083 puniret.
384 2016 560 2066 Edixit
608 2017 756 2066 etiam
811 2026 878 2073 ut,
919 2017 958 2064 si
1011 2016 1122 2079 quis
1172 2032 1231 2063 ex
1287 2015 1361 2064 his
1411 2015 1606 2078 fugiens

89 2107 252 2150 entra
284 2098 504 2166 petisset,
531 2115 621 2164 pro
659 2098 800 2148 hoste
835 2098 1210 2147 interficeretur.
1286 2100 1395 2157 Qua
1428 2098 1605 2147 severi·

90 2187 196 2232 tato
253 2180 503 2246 conpressi
563 2179 748 2229 milites
807 2189 858 2229 et
916 2179 1205 2244 corporibus
1276 2178 1496 2243 fatigatis
1555 2187 1607 2229 et

90 2261 270 2313 animis
338 2261 686 2329 desperatione
753 2262 884 2310 vitae
956 2261 1205 2326 inplicatis
1271 2261 1362 2310 loci
1436 2268 1603 2310 tamen

0 2328 3 2377 ἶ
90 2343 410 2411 iniquitatem
468 2342 943 2407 multitudinemque
1012 2343 1228 2393 hostium
1290 2350 1600 2407 superarunt.

92 2424 356 2476 Humanae
409 2426 563 2492 igitur
612 2425 970 2475 imbecillitatis
1020 2425 1408 2474 efficacissimum
1461 2424 1601 2472 dura-

90 2514 315 2564 mentum
350 2514 428 2557 eat
461 2507 740 2562 necessitas.
