1907 2828
24 223 34 258 ..
17 0 59 167 §vn-¹

657 167 735 208 DE
777 168 1128 210 MIRACULIS.
1606 173 1654 212 15

129 287 371 353 quamdiu
390 289 568 355 pedem
591 291 813 351 referret,
838 293 1017 341 Castor
1037 300 1087 340 et
1112 292 1286 341 Pollux
1318 294 1651 342 Romanarum

129 371 346 435 partium
397 380 792 438 propugnatores
843 375 932 422 visi
985 374 1189 423 hostiles
1237 376 1402 440 copias
1457 376 1653 440 penitus

128 451 382 503 fuderunt.

197 533 327 585 Item
371 536 501 586 bello
544 537 869 587 Macedonico
913 538 964 586 P.
1010 539 1242 587 Vatinius
1286 547 1433 587 noctu
1481 540 1650 588 urbem

127 623 304 682 petens
352 619 665 669 existimavit
712 620 837 669 duos
887 621 1090 670 iuvenes
1134 621 1422 670 excellentis
1467 623 1652 671 formae

126 699 254 750 albis
284 701 426 766 equis
457 702 734 752 residentes
765 703 939 752 obvios
969 703 1064 752 sibi
1096 703 1251 752 factos
1288 705 1519 753 nuntiare
1554 704 1648 764 die,

127 784 211 848 qui
241 785 579 849 praeterierat,
609 785 794 835 Persen
821 803 986 850 regern
1013 803 1042 835 a
1068 787 1226 835 Paulo
1252 794 1465 851 captum.

195 866 343 928 Quod
380 884 492 916 cum
531 868 728 916 senatui
767 868 1046 925 indicasset,
1082 876 1337 933 tamquam
1376 869 1652 918 maiestatis

126 947 234 997 eius
281 956 332 997 et
379 949 731 1014 amplitudinis
780 967 909 998 vano
958 967 1185 999 sermone
1235 957 1552 1014 contemptor
1600 951 1649 998 in

126 1045 370 1080 carcerem
408 1031 674 1091 coniectuS‚
715 1038 982 1095 postquam
1029 1032 1170 1081 Pauli
1217 1032 1398 1080 litteris
1442 1033 1527 1081 illo
1570 1033 1650 1081 die

128 1111 312 1162 Persen
350 1120 553 1178 captum
591 1112 838 1177 adparuit,
869 1122 919 1162 et
957 1113 1184 1162 custodia
1222 1114 1460 1163 liberatus
1499 1122 1549 1163 et
1582 1115 1650 1162 in-

126 1210 276 1259 super
312 1212 431 1260 agro
467 1212 523 1244 ac
560 1196 821 1244 vacatione
859 1195 1074 1244 donatus
1112 1205 1199 1245 est.

209 1344 292 1381 24.
351 1344 378 1361 “
401 1341 470 1380 ΙἸΙ
498 1340 618 1381 make
650 1342 714 1380 the
745 1348 879 1381 statue
914 1356 1040 1382 more.
1078 1376 1084 1382 .
1124 1375 1131 1382 .
1170 1376 1177 1383 .

631 1410 750 1450 What
780 1425 865 1462 you.
895 1425 971 1450 ran
1005 1412 1124 1451 make
1157 1413 1231 1451 her
1260 1413 1402 1463 mals,

399 1479 428 1519 I
453 1492 525 1518 am
555 1485 717 1519 content
749 1486 789 1519 to
819 1480 955 1523 hear:
984 1481 1065 1531 for
1097 1481 1162 1519 'tis
1192 1495 1241 1520 ax
1271 1495 1372 1533 easy

405 1547 465 1587 Το
494 1547 615 1588 make
644 1549 719 1588 her
747 1548 877 1599 speak
906 1563 956 1587 (1³-
985 1549 1146 1589 more.'’

1178 1604 1372 1642 Winter's
1401 1606 1510 1649 Tale,
1544 1618 1577 1642 v,
1611 1607 1645 1642 3.

192 1678 367 1744 Captis
409 1698 437 1729 a
480 1680 693 1730 Camillo
737 1681 875 1730 Veiis
920 1682 1103 1730 milites
1156 1682 1291 1730 iussu
1336 1683 1648 1746 imperatoris

123 1761 445 1811 simulacrum
507 1762 713 1811 Iunonis
771 1764 1020 1821 Monetae,
1073 1764 1204 1827 quod
1263 1764 1328 1811 ibi
1386 1765 1648 1828 praecipua

123 1842 363 1909 religione
401 1843 592 1893 cultum
630 1852 749 1903 erat,
792 1846 841 1893 in
875 1846 1047 1894 urben}
1083 1846 1370 1893 translaturi
1411 1845 1525 1893 sede
1561 1863 1649 1894 sna

123 1941 323 1975 movere
359 1926 684 1976 conabantur.

191 2008 416 2069 Quorum
471 2009 534 2058 ab
589 2027 689 2058 uno
738 2027 825 2074 per
875 2011 1034 2059 iocum
1088 2011 1397 2073 interrogata
1445 2010 1536 2058 ‹l‹·a
1585 2027 1646 2059 an

124 2087 335 2139 Romam
374 2090 585 2155 migrare
623 2091 787 2152 vellet,
829 2093 955 2141 velle
993 2110 1043 2142 se
1082 2092 1355 2157 respondit.

193 2171 301 2221 Hac
327 2189 445 2222 voce
474 2174 662 2235 audita,
693 2175 831 2224 lusus
862 2176 910 2223 in
945 2175 1328 2225 admirationem
1360 2192 1530 2224 versus
1557 2183 1645 2232 est,

123 2253 323 2319 iamque
366 2271 464 2304 non
509 2256 844 2317 simulacrum,
893 2258 978 2306 sed
1023 2259 1180 2322 ipsam
1226 2257 1359 2306 ctu-lo
1405 2257 1646 2305 Iunonem

123 2334 334 2398 petitam
363 2344 564 2401 portare
594 2355 645 2387 se
677 2339 937 2388 credean
971 2340 1084 2388 laeti
1119 2341 1168 2388 in
1202 2357 1258 2388 ea
1290 2347 1429 2404 parte
1466 2341 1649 2387 montis

125 2416 383 2478 Aventini,
412 2419 464 2468 in
494 2435 593 2483 qua
623 2437 755 2469 nunc
789 2421 1030 2485 templum
1064 2422 1168 2471 vius
1195 2422 1458 2476 cernimus,
1490 2421 1648 2470 conlo-

122 2507 374 2551 caverunt.
