1811 2828
129 161 182 200 34
554 155 862 198 VALERIUS
904 155 1206 196 MAXIMUS.

128 281 412 340 intrassent,
437 279 567 344 apud
595 285 881 343 quaestores
907 278 1123 326 urbanos
1149 278 1310 326 iurare
1336 277 1397 326 de
1423 286 1635 342 utroque

127 379 333 409 numero
370 378 485 409 vere
523 361 584 409 ab
622 361 697 408 his
735 360 929 408 senatui
968 376 1071 408 esse
1108 359 1359 422 scriptum.

195 440 315 488 Post
365 439 452 487 has
501 439 632 503 leges
693 437 861 485 iudicii
912 438 1045 486 illius
1105 438 1402 501 tempestiva
1449 437 1636 486 mentio

125 520 483 579 introducetur,
524 520 576 567 in
610 536 708 582 quo
742 519 803 567 de
842 520 946 566 iure
981 518 1324 583 triumphandi
1354 519 1484 567 inter
1521 518 1634 566 clar-

125 602 315 649 issimas
355 617 587 665 personas
626 607 675 648 et
713 605 878 648 actum
917 606 967 648 et
1004 616 1265 647 excussum
1303 604 1390 648 est.

193 683 245 731 C.
298 682 530 731 Lutatius
581 681 752 729 consul
796 687 846 729 et
895 681 950 741 Q.
997 680 1228 728 Valerius
1271 686 1470 744 praetor
1511 680 1637 729 circa

124 764 345 813 Siciliam
411 764 654 828 insignem
722 763 1003 812 Poenorum
1068 762 1273 810 classem
1332 761 1631 811 deleverant.

124 846 234 907 Quo
295 847 494 895 nomine
555 846 758 894 Lutatio
817 844 1006 894 consuli
1068 844 1378 907 triumphum
1437 851 1635 893 senatus

123 928 355 977 decrevit.
454 928 582 976 Cum
642 935 809 975 autem
859 926 1087 974 Valerius
1136 926 1231 974 sibi
1279 942 1474 990 quoque
1523 943 1634 974 eum

123 1009 321 1058 decerni
348 1009 662 1069 desideraret,
694 1009 895 1073 negavit
922 1007 974 1055 id
1001 1008 1105 1056 fieri
1133 1014 1360 1072 oportere
1385 1007 1631 1069 Lutatius,

122 1108 183 1140 ne
217 1092 269 1139 in
299 1091 485 1140 honore
519 1091 762 1154 triumphi
796 1090 959 1138 minor
996 1095 1215 1154 potestas
1252 1090 1425 1138 maiori
1464 1108 1633 1155 aequa-

121 1180 271 1233 retur,
313 1173 712 1237 pertinaciusque
749 1189 1006 1236 progressa
1049 1174 1370 1221 contentione
1407 1173 1632 1222 Valerius

122 1255 385 1318 sponsione
418 1253 678 1302 Lutatium
715 1254 1017 1317 provocavit,
1056 1254 1107 1301 ni
1141 1270 1229 1302 suo
1263 1254 1414 1303 ductu
1447 1256 1631 1304 Punica

120 1336 286 1383 classis
356 1342 483 1384 esset
551 1352 796 1399 oppressa,
869 1352 957 1384 nec
1027 1335 1282 1384 dubitavit
1350 1338 1630 1401 restipulari

120 1417 367 1465 Lutatius.

187 1499 364 1563 Itaque
396 1499 549 1547 iudex
580 1499 711 1547 inter
744 1516 826 1547 eos
863 1499 1100 1547 convenit
1130 1499 1318 1548 Atilius
1357 1500 1627 1559 Calatinus,

119 1581 250 1645 apud
281 1598 430 1645 quem
456 1581 684 1630 Valerius
719 1581 772 1628 in
806 1580 938 1630 hunc
973 1581 1178 1629 modum
1212 1582 1343 1646 egit:
1381 1583 1629 1631 consulem

118 1679 173 1711 ea
221 1679 389 1727 pugna
442 1663 492 1711 in
552 1662 730 1711 lectica
789 1662 1022 1711 claudum
1081 1663 1301 1724 iacuisse,
1355 1682 1405 1714 se
1463 1671 1627 1713 autem

117 1745 348 1794 omnibus
386 1744 720 1809 imperatoriis
758 1745 982 1808 partibus
1020 1746 1259 1795 functum.

184 1827 323 1875 Tunc
385 1827 655 1887 CalatinUS,
718 1826 855 1890 prius
919 1844 1067 1891 quam
1134 1827 1366 1877 Lutatius
1433 1846 1626 1877 causam

115 1925 255 1956 suam
304 1908 564 1969 ordiretur,
615 1908 866 1969 ‘Quaero,'
917 1910 1095 1973 inquit,
1145 1909 1356 1969 ‘valer-i,
1403 1927 1431 1958 a
1477 1915 1542 1969 te,
1586 1910 1626 1958 si

114 1990 453 2039 dimicandum
480 2008 634 2040 necne
661 1999 790 2040 esset
818 1992 1076 2040 contrariis
1104 1992 1236 2039 inter
1255 2008 1342 2039 vos
1368 1990 1625 2039 sententiis

113 2072 459 2133 dissedissetiS,
513 2079 681 2122 utrum
731 2074 866 2138 quod
915 2073 1085 2122 consul
1135 2090 1197 2121 an
1247 2072 1380 2136 quod
1428 2078 1625 2137 praetor

112 2151 405 2214 imperasset
440 2153 600 2200 maius
638 2152 927 2201 habiturum
964 2151 1118 2200 fuerit
1154 2157 1464 2199 momentum
1485 2150 1526 2199 2'

181 2230 462 2293 Respondit
504 2231 735 2279 Valerius
784 2247 883 2278 non
933 2230 1091 2278 facere
1139 2246 1191 2277 se
1239 2228 1622 2277 controversiam

111 2312 233 2374 quin
270 2313 459 2376 priores
495 2320 661 2376 partes
699 2312 912 2360 consulis
950 2317 1114 2360 essent
1150 2312 1360 2359 futurae.

182 2395 317 2458 ‘Age
344 2394 555 2452 deinde,⁷
581 2394 746 2457 inquit
778 2393 1046 2452 Calatinus,
1079 2393 1146 2440 ‘si
1178 2392 1373 2439 diversa
1404 2391 1623 2455 auspicia

111 2476 435 2540 accepissetis,
477 2476 616 2523 cuius
652 2475 809 2538 magis
848 2475 1064 2539 auspicio
1102 2475 1372 2523 staretur‘l'
