1907 2828
511 182 591 224 DE
634 182 980 223 DISCIPLINA
1025 182 1321 223 MILITARI.
1625 185 1677 224 33

151 322 328 371 aspero
364 306 497 355 enilu
535 313 586 355 et
623 306 810 354 absciso
848 306 1187 367 castigationis
1225 322 1405 369 genere
1450 305 1680 355 militaris

150 387 417 453 disciplIna
470 387 675 450 indiget,
721 388 838 451 qnia
881 387 1009 435 vires
1061 388 1210 435 arinis
1265 397 1510 447 constant,
1557 405 1682 452 quae

152 470 237 519 ubi
274 488 307 531 a·
340 478 476 519 recto
516 479 687 520 tenore
725 469 1040 529 desciverint,
1082 486 1377 534 oppressura
1417 478 1549 526 sunt,
1590 470 1682 518 nisi

152 553 512 617 opprimantur.

222 633 500 700 Disciplina
563 635 794 683 militaris
850 635 1030 683 acriter
1091 642 1286 683 retenta
1351 634 1683 699 principatum

154 716 330 766 Italiae
368 716 597 766 Romano
641 717 851 781 imperio
896 717 1105 781 peperit,
1147 717 1419 765 multarum
1466 717 1679 776 urbium,

157 815 452 863 magnorum
498 815 685 863 regum,
730 799 1145 847 validissimarum
1189 799 1414 863 gentium
1462 799 1681 862 regimen

156 880 336 946 largita
386 887 475 940 est,
520 881 686 930 fauces
740 881 934 929 Pontici
987 882 1125 929 sinus
1180 882 1428 945 patefecit,
1477 881 1681 944 Alpium

155 962 410 1028 Taurique
441 964 626 1012 montis
657 963 893 1011 convulsa
927 963 1144 1011 claustra
1174 962 1384 1011 tradidit
1417 972 1684 1026 ortumque

156 1063 184 1095 e
233 1044 443 1110 parvula
485 1044 688 1094 Romuli
731 1062 841 1093 casa
892 1045 1047 1093 totins
1098 1053 1341 1093 terrarum
1388 1045 1522 1093 orbis
1571 1045 1687 1093 fecit

158 1127 400 1177 columen.

386 1475 499 1526 VII.
576 1475 667 1525 DE
717 1475 890 1525 IURE
939 1475 1464 1527 TRIVMPHANDI.

246 1607 331 1644 ⁴0.
617 1607 644 1621 ‘⁶
665 1602 774 1641 ,noge
807 1602 980 1641 learned
1001 1602 1202 1652 judyef’·

1055 1671 1269 1708 Mercliaut
1296 1671 1339 1707 of
1370 1670 1534 1717 Venice,
1568 1672 1618 1710 iv.
1652 1672 1684 1709 1.

237 1776 317 1827 Ob
364 1776 493 1826 levia
540 1777 728 1842 proelia
777 1776 980 1841 quidam
1033 1779 1355 1841 imperatores
1407 1777 1688 1841 triumphos

168 1859 263 1909 sibi
306 1858 508 1908 decerni
552 1858 919 1907 desiderabant.
997 1859 1191 1919 Quibus
1235 1868 1291 1907 ut
1335 1866 1686 1918 occurreretur,

168 1940 274 2006 lege
300 1948 501 1990 cautum
528 1948 604 1990 est
630 1957 690 1989 ne
716 1942 828 2005 quis
857 1941 1204 2005 triumpharet,
1233 1942 1325 1990 nisi
1356 1942 1439 2005 qui
1473 1942 1692 2005 quinque

169 2022 308 2072 milia
342 2023 563 2072 hostium
602 2039 701 2072 una
734 2023 836 2072 acic
872 2022 1144 2072 cecidisset.
1229 2024 1461 2073 Ceterum
1502 2041 1561 2072 ne
1594 2032 1696 2072 tam

169 2104 422 2170 praeclara
456 2104 537 2155 lex
575 2104 853 2170 cupiditate
900 2106 1094 2154 laun-ae
1143 2105 1538 2165 oblitteraretur,
1579 2106 1697 2168 legis

169 2185 375 2236 alterius
409 2185 659 2237 adiutorio
702 2187 830 2237 fulta
867 2195 954 2248 cst,
996 2206 1143 2253 quam
1187 2188 1236 2237 L
1282 2187 1501 2238 Marcius
1538 2196 1589 2237 et
1626 2188 1693 2236 M.

171 2268 299 2319 Cato
330 2269 520 2319 tribuni
556 2269 720 2334 plebei
758 2270 992 2320 tulerunt.
1077 2271 1292 2320 Poenam
1332 2272 1461 2319 enim
1495 2271 1698 2334 impera·

171 2350 364 2400 toribus
389 2352 624 2411 minatur,
653 2353 737 2418 qui
765 2360 851 2401 aut
879 2353 1096 2402 hostium
1131 2354 1398 2401 occisorum
1435 2353 1482 2401 in
1511 2352 1699 2418 proelio

172 2438 262 2481 aut
286 2433 580 2483 amissorum
601 2434 782 2483 civium
807 2434 984 2483 falsum
1007 2451 1267 2483 numerum
1293 2435 1472 2482 litteris
1503 2435 1695 2482 senatui

174 2513 280 2564 ausi
307 2520 474 2564 essent
498 2515 696 2575 referre,
727 2516 965 2580 iubetque
1003 2534 1098 2576 eoa,
1128 2533 1239 2565 cum
1272 2516 1486 2580 primuni
1523 2516 1695 2564 urbem

921 2608 948 2637 c
