<?xml version="1.0" encoding="UTF-8"?>
<!DOCTYPE html PUBLIC "-//W3C//DTD XHTML 1.0 Transitional//EN"
    "http://www.w3.org/TR/xhtml1/DTD/xhtml1-transitional.dtd">
<html xmlns="http://www.w3.org/1999/xhtml" xml:lang="en" lang="en">
 <head>
  <title>
</title>
<meta http-equiv="Content-Type" content="text/html;charset=utf-8" />
  <meta name='ocr-system' content='tesseract 3.04.00' />
  <meta name='ocr-capabilities' content='ocr_page ocr_carea ocr_par ocr_line ocrx_word'/>
</head>
<body>
  <div class='ocr_page' id='page_1' title='image "./selectionsfroman00valeuoft_0024.png"; bbox 0 0 1811 2828; ppageno 0'>
   <div class='ocr_carea' id='block_1_1' title="bbox 143 191 1227 236">
    <p class='ocr_par' dir='ltr' id='par_1_1' title="bbox 143 191 1227 236">
     <span class='ocr_line' id='line_1_1' title="bbox 143 191 1227 236; baseline -0.004 0"><span class='ocrx_word' id='word_1_1' title='bbox 143 197 169 236; x_wconf 90' lang='lat'>8</span> <span class='ocrx_word' id='word_1_2' title='bbox 573 193 883 233; x_wconf 83' lang='lat' dir='ltr'>VALERIUS</span> <span class='ocrx_word' id='word_1_3' title='bbox 924 191 1227 232; x_wconf 79' lang='lat' dir='ltr'><strong>MAXIMUS.</strong></span> 
     </span>
    </p>
   </div>
   <div class='ocr_carea' id='block_1_2' title="bbox 141 313 1667 1606">
    <p class='ocr_par' dir='ltr' id='par_1_2' title="bbox 141 313 1662 460">
     <span class='ocr_line' id='line_1_2' title="bbox 143 313 1662 377; baseline -0.003 -13"><span class='ocrx_word' id='word_1_4' title='bbox 143 316 402 364; x_wconf 77' lang='lat' dir='ltr'>nocturnis</span> <span class='ocrx_word' id='word_1_5' title='bbox 428 315 583 363; x_wconf 90' lang='lat' dir='ltr'>totius</span> <span class='ocrx_word' id='word_1_6' title='bbox 608 314 856 363; x_wconf 84' lang='lat' dir='ltr'>exercitus</span> <span class='ocrx_word' id='word_1_7' title='bbox 875 313 1164 374; x_wconf 86' lang='lat' dir='ltr'>terroribus,</span> <span class='ocrx_word' id='word_1_8' title='bbox 1194 313 1256 361; x_wconf 89' lang='lat' dir='ltr'>ab</span> <span class='ocrx_word' id='word_1_9' title='bbox 1281 313 1401 377; x_wconf 91' lang='lat' dir='ltr'>ipsis</span> <span class='ocrx_word' id='word_1_10' title='bbox 1421 313 1662 361; x_wconf 87' lang='lat' dir='ltr'>altaribus</span> 
     </span>
     <span class='ocr_line' id='line_1_3' title="bbox 141 397 573 460; baseline -0.002 -15"><span class='ocrx_word' id='word_1_11' title='bbox 141 397 418 446; x_wconf 87' lang='lat' dir='ltr'>hostiarum</span> <span class='ocrx_word' id='word_1_12' title='bbox 445 397 573 460; x_wconf 88' lang='lat' dir='ltr'>fuga.</span> 
     </span>
    </p>

    <p class='ocr_par' dir='ltr' id='par_1_3' title="bbox 141 475 1665 706">
     <span class='ocr_line' id='line_1_4' title="bbox 210 475 1664 541; baseline -0.003 -14"><span class='ocrx_word' id='word_1_13' title='bbox 210 478 309 527; x_wconf 82' lang='lat' dir='ltr'>Sed</span> <span class='ocrx_word' id='word_1_14' title='bbox 352 478 569 527; x_wconf 86' lang='lat' dir='ltr'>invictae</span> <span class='ocrx_word' id='word_1_15' title='bbox 613 477 745 541; x_wconf 90' lang='lat' dir='ltr'>leges</span> <span class='ocrx_word' id='word_1_16' title='bbox 794 475 1179 525; x_wconf 73' lang='lat' dir='ltr'>necessitudinis</span> <span class='ocrx_word' id='word_1_17' title='bbox 1228 481 1401 540; x_wconf 90' lang='lat' dir='ltr'>pectus</span> <span class='ocrx_word' id='word_1_18' title='bbox 1443 475 1664 539; x_wconf 91' lang='lat' dir='ltr'>alioquin</span> 
     </span>
     <span class='ocr_line' id='line_1_5' title="bbox 141 557 1665 625; baseline -0.001 -17"><span class='ocrx_word' id='word_1_19' title='bbox 141 560 314 625; x_wconf 90' lang='lat' dir='ltr'>procul</span> <span class='ocrx_word' id='word_1_20' title='bbox 363 560 583 609; x_wconf 86' lang='lat' dir='ltr'>amentia</span> <span class='ocrx_word' id='word_1_21' title='bbox 630 567 878 608; x_wconf 86' lang='lat' dir='ltr'>remotum</span> <span class='ocrx_word' id='word_1_22' title='bbox 929 557 1160 623; x_wconf 90' lang='lat' dir='ltr'>prodigia</span> <span class='ocrx_word' id='word_1_23' title='bbox 1201 558 1297 606; x_wconf 90' lang='lat' dir='ltr'>ista</span> <span class='ocrx_word' id='word_1_24' title='bbox 1344 558 1478 606; x_wconf 88' lang='lat' dir='ltr'>iusta</span> <span class='ocrx_word' id='word_1_25' title='bbox 1524 557 1665 607; x_wconf 90' lang='lat' dir='ltr'>aesti-</span> 
     </span>
     <span class='ocr_line' id='line_1_6' title="bbox 141 640 1221 706; baseline -0.003 -15"><span class='ocrx_word' id='word_1_26' title='bbox 141 642 361 691; x_wconf 87' lang='lat' dir='ltr'>matione</span> <span class='ocrx_word' id='word_1_27' title='bbox 399 640 707 706; x_wconf 79' lang='lat' dir='ltr'>perpendere</span> <span class='ocrx_word' id='word_1_28' title='bbox 744 657 916 705; x_wconf 89' lang='lat' dir='ltr'>passae</span> <span class='ocrx_word' id='word_1_29' title='bbox 952 657 1053 688; x_wconf 91' lang='lat' dir='ltr'>non</span> <span class='ocrx_word' id='word_1_30' title='bbox 1091 646 1221 688; x_wconf 88' lang='lat' dir='ltr'>sunt.</span> 
     </span>
    </p>

    <p class='ocr_par' dir='ltr' id='par_1_4' title="bbox 141 721 1665 870">
     <span class='ocr_line' id='line_1_7' title="bbox 210 721 1665 788; baseline -0.002 -16"><span class='ocrx_word' id='word_1_31' title='bbox 210 725 388 788; x_wconf 88' lang='lat' dir='ltr'>Itaque</span> <span class='ocrx_word' id='word_1_32' title='bbox 428 723 549 771; x_wconf 91' lang='lat' dir='ltr'>dum</span> <span class='ocrx_word' id='word_1_33' title='bbox 588 723 674 771; x_wconf 88' lang='lat' dir='ltr'>illa</span> <span class='ocrx_word' id='word_1_34' title='bbox 713 722 887 782; x_wconf 85' lang='lat' dir='ltr'>elevat,</span> <span class='ocrx_word' id='word_1_35' title='bbox 923 722 1272 771; x_wconf 88' lang='lat' dir='ltr'>auctoritatem</span> <span class='ocrx_word' id='word_1_36' title='bbox 1311 721 1665 786; x_wconf 84' lang='lat' dir='ltr'>amplissimam</span> 
     </span>
     <span class='ocr_line' id='line_1_8' title="bbox 141 804 922 870; baseline -0.003 -16"><span class='ocrx_word' id='word_1_37' title='bbox 141 806 304 870; x_wconf 88' lang='lat' dir='ltr'>spatio</span> <span class='ocrx_word' id='word_1_38' title='bbox 341 805 489 854; x_wconf 91' lang='lat' dir='ltr'>unius</span> <span class='ocrx_word' id='word_1_39' title='bbox 527 805 626 853; x_wconf 90' lang='lat' dir='ltr'>diei</span> <span class='ocrx_word' id='word_1_40' title='bbox 664 804 922 868; x_wconf 88' lang='lat' dir='ltr'>confregit.</span> 
     </span>
    </p>

    <p class='ocr_par' dir='ltr' id='par_1_5' title="bbox 141 881 1667 1441">
     <span class='ocr_line' id='line_1_9' title="bbox 211 881 1667 946; baseline -0.001 -14"><span class='ocrx_word' id='word_1_41' title='bbox 211 884 322 945; x_wconf 78' lang='lat' dir='ltr'>Quo</span> <span class='ocrx_word' id='word_1_42' title='bbox 376 883 458 932; x_wconf 89' lang='lat' dir='ltr'>die</span> <span class='ocrx_word' id='word_1_43' title='bbox 507 889 704 932; x_wconf 89' lang='lat' dir='ltr'>constat</span> <span class='ocrx_word' id='word_1_44' title='bbox 759 883 810 930; x_wconf 93' lang='lat' dir='ltr'>in</span> <span class='ocrx_word' id='word_1_45' title='bbox 865 882 1087 931; x_wconf 89' lang='lat' dir='ltr'>delubris</span> <span class='ocrx_word' id='word_1_46' title='bbox 1141 881 1293 931; x_wconf 90' lang='lat' dir='ltr'>deum</span> <span class='ocrx_word' id='word_1_47' title='bbox 1346 899 1436 930; x_wconf 89' lang='lat' dir='ltr'>sua</span> <span class='ocrx_word' id='word_1_48' title='bbox 1487 888 1667 946; x_wconf 89' lang='lat' dir='ltr'>sponte</span> 
     </span>
     <span class='ocr_line' id='line_1_10' title="bbox 141 963 1667 1031; baseline -0.002 -16"><span class='ocrx_word' id='word_1_49' title='bbox 141 965 282 1031; x_wconf 88' lang='lat' dir='ltr'>signa</span> <span class='ocrx_word' id='word_1_50' title='bbox 341 982 592 1026; x_wconf 89' lang='lat' dir='ltr'>conversa,</span> <span class='ocrx_word' id='word_1_51' title='bbox 644 965 914 1013; x_wconf 90' lang='lat' dir='ltr'>militarem</span> <span class='ocrx_word' id='word_1_52' title='bbox 974 963 1240 1012; x_wconf 91' lang='lat' dir='ltr'>clamorem</span> <span class='ocrx_word' id='word_1_53' title='bbox 1299 963 1667 1028; x_wconf 86' lang='lat' dir='ltr'>strepitumque</span> 
     </span>
     <span class='ocr_line' id='line_1_11' title="bbox 142 1044 1664 1111; baseline -0.002 -15"><span class='ocrx_word' id='word_1_54' title='bbox 142 1064 394 1097; x_wconf 89' lang='lat' dir='ltr'>armorum</span> <span class='ocrx_word' id='word_1_55' title='bbox 421 1063 660 1111; x_wconf 88' lang='lat' dir='ltr'>magnum</span> <span class='ocrx_word' id='word_1_56' title='bbox 681 1045 979 1095; x_wconf 87' lang='lat' dir='ltr'>Antiochiae</span> <span class='ocrx_word' id='word_1_57' title='bbox 1007 1051 1058 1094; x_wconf 91' lang='lat' dir='ltr'>et</span> <span class='ocrx_word' id='word_1_58' title='bbox 1083 1044 1394 1094; x_wconf 88' lang='lat' dir='ltr'>Ptolemaide</span> <span class='ocrx_word' id='word_1_59' title='bbox 1421 1045 1664 1106; x_wconf 87' lang='lat' dir='ltr'>auditum,</span> 
     </span>
     <span class='ocr_line' id='line_1_12' title="bbox 142 1126 1663 1192; baseline -0.002 -14"><span class='ocrx_word' id='word_1_60' title='bbox 142 1146 323 1178; x_wconf 90' lang='lat' dir='ltr'>sonum</span> <span class='ocrx_word' id='word_1_61' title='bbox 361 1134 722 1192; x_wconf 75' lang='lat' dir='ltr'>tympanorum</span> <span class='ocrx_word' id='word_1_62' title='bbox 751 1128 982 1192; x_wconf 84' lang='lat' dir='ltr'>Pergami</span> <span class='ocrx_word' id='word_1_63' title='bbox 1020 1127 1185 1191; x_wconf 86' lang='lat' dir='ltr'>adytis</span> <span class='ocrx_word' id='word_1_64' title='bbox 1224 1126 1420 1176; x_wconf 85' lang='lat' dir='ltr'>delubri</span> <span class='ocrx_word' id='word_1_65' title='bbox 1458 1127 1663 1186; x_wconf 87' lang='lat' dir='ltr'>editum,</span> 
     </span>
     <span class='ocr_line' id='line_1_13' title="bbox 141 1209 1667 1276; baseline -0.001 -15"><span class='ocrx_word' id='word_1_66' title='bbox 141 1212 359 1276; x_wconf 90' lang='lat' dir='ltr'>palmam</span> <span class='ocrx_word' id='word_1_67' title='bbox 409 1211 622 1261; x_wconf 85' lang='lat' dir='ltr'>viridem</span> <span class='ocrx_word' id='word_1_68' title='bbox 671 1210 922 1259; x_wconf 87' lang='lat' dir='ltr'>Trallibus</span> <span class='ocrx_word' id='word_1_69' title='bbox 981 1210 1033 1258; x_wconf 93' lang='lat' dir='ltr'>in</span> <span class='ocrx_word' id='word_1_70' title='bbox 1093 1209 1213 1258; x_wconf 90' lang='lat' dir='ltr'>aede</span> <span class='ocrx_word' id='word_1_71' title='bbox 1261 1209 1516 1259; x_wconf 86' lang='lat' dir='ltr'>Victoriae</span> <span class='ocrx_word' id='word_1_72' title='bbox 1575 1210 1667 1259; x_wconf 91' lang='lat' dir='ltr'>sub</span> 
     </span>
     <span class='ocr_line' id='line_1_14' title="bbox 144 1291 1667 1357; baseline -0.002 -14"><span class='ocrx_word' id='word_1_73' title='bbox 144 1294 370 1344; x_wconf 85' lang='lat' dir='ltr'>Caesaris</span> <span class='ocrx_word' id='word_1_74' title='bbox 430 1300 598 1343; x_wconf 87' lang='lat' dir='ltr'>statua</span> <span class='ocrx_word' id='word_1_75' title='bbox 662 1293 794 1341; x_wconf 91' lang='lat' dir='ltr'>inter</span> <span class='ocrx_word' id='word_1_76' title='bbox 860 1302 1151 1357; x_wconf 86' lang='lat' dir='ltr'>coagmenta</span> <span class='ocrx_word' id='word_1_77' title='bbox 1219 1291 1444 1356; x_wconf 90' lang='lat' dir='ltr'>lapidum</span> <span class='ocrx_word' id='word_1_78' title='bbox 1508 1292 1667 1340; x_wconf 87' lang='lat' dir='ltr'>iustae</span> 
     </span>
     <span class='ocr_line' id='line_1_15' title="bbox 145 1376 758 1441; baseline -0.002 -17"><span class='ocrx_word' id='word_1_79' title='bbox 145 1376 508 1441; x_wconf 88' lang='lat' dir='ltr'>magnitudinis</span> <span class='ocrx_word' id='word_1_80' title='bbox 546 1382 758 1425; x_wconf 87' lang='lat' dir='ltr'>enatam.</span> 
     </span>
    </p>

    <p class='ocr_par' dir='ltr' id='par_1_6' title="bbox 143 1455 1667 1606">
     <span class='ocr_line' id='line_1_16' title="bbox 212 1455 1667 1522; baseline -0.003 -15"><span class='ocrx_word' id='word_1_81' title='bbox 212 1458 406 1519; x_wconf 77' lang='lat' dir='ltr'>Quibus</span> <span class='ocrx_word' id='word_1_82' title='bbox 465 1457 674 1522; x_wconf 85' lang='lat' dir='ltr'>adparet</span> <span class='ocrx_word' id='word_1_83' title='bbox 733 1456 1022 1505; x_wconf 88' lang='lat' dir='ltr'>caelestium</span> <span class='ocrx_word' id='word_1_84' title='bbox 1088 1472 1271 1504; x_wconf 90' lang='lat' dir='ltr'>numen</span> <span class='ocrx_word' id='word_1_85' title='bbox 1333 1461 1384 1504; x_wconf 92' lang='lat' dir='ltr'>et</span> <span class='ocrx_word' id='word_1_86' title='bbox 1443 1455 1667 1504; x_wconf 84' lang='lat' dir='ltr'>Caesaris</span> 
     </span>
     <span class='ocr_line' id='line_1_17' title="bbox 143 1537 1662 1606; baseline -0.003 -17"><span class='ocrx_word' id='word_1_87' title='bbox 143 1540 328 1606; x_wconf 89' lang='lat' dir='ltr'>gloriae</span> <span class='ocrx_word' id='word_1_88' title='bbox 365 1539 548 1589; x_wconf 84' lang='lat' dir='ltr'>favisse</span> <span class='ocrx_word' id='word_1_89' title='bbox 586 1545 637 1588; x_wconf 91' lang='lat' dir='ltr'>et</span> <span class='ocrx_word' id='word_1_90' title='bbox 673 1539 881 1603; x_wconf 90' lang='lat' dir='ltr'>Pompei</span> <span class='ocrx_word' id='word_1_91' title='bbox 920 1555 1138 1587; x_wconf 87' lang='lat' dir='ltr'>errorem</span> <span class='ocrx_word' id='word_1_92' title='bbox 1176 1538 1402 1587; x_wconf 90' lang='lat' dir='ltr'>inhibere</span> <span class='ocrx_word' id='word_1_93' title='bbox 1435 1537 1662 1586; x_wconf 86' lang='lat' dir='ltr'>voluisse.</span> 
     </span>
    </p>
   </div>
   <div class='ocr_carea' id='block_1_3' title="bbox 232 1728 1351 1780">
    <p class='ocr_par' dir='ltr' id='par_1_7' title="bbox 232 1728 1351 1780">
     <span class='ocr_line' id='line_1_18' title="bbox 232 1728 1351 1780; baseline -0.001 -11"><span class='ocrx_word' id='word_1_94' title='bbox 232 1735 309 1769; x_wconf 78' lang='lat'>13.</span> <span class='ocrx_word' id='word_1_95' title='bbox 431 1728 670 1779; x_wconf 74' lang='lat' dir='ltr'>“Scarcity</span> <span class='ocrx_word' id='word_1_96' title='bbox 700 1728 788 1767; x_wconf 78' lang='lat' dir='ltr'>and</span> <span class='ocrx_word' id='word_1_97' title='bbox 818 1734 931 1767; x_wconf 74' lang='lat' dir='ltr'>want</span> <span class='ocrx_word' id='word_1_98' title='bbox 961 1728 1072 1767; x_wconf 73' lang='lat' dir='ltr'>shall</span> <span class='ocrx_word' id='word_1_99' title='bbox 1101 1728 1207 1768; x_wconf 68' lang='lat' dir='ltr'>slmm</span> <span class='ocrx_word' id='word_1_100' title='bbox 1236 1741 1351 1780; x_wconf 52' lang='lat' dir='ltr'>yom:</span> 
     </span>
    </p>
   </div>
   <div class='ocr_carea' id='block_1_4' title="bbox 476 1797 1664 1899">
    <p class='ocr_par' dir='ltr' id='par_1_8' title="bbox 476 1797 1664 1899">
     <span class='ocr_line' id='line_1_19' title="bbox 476 1797 1182 1848; baseline 0.001 -11"><span class='ocrx_word' id='word_1_101' title='bbox 476 1797 610 1838; x_wconf 74' lang='lat' dir='ltr'>Ceres&#39;</span> <span class='ocrx_word' id='word_1_102' title='bbox 642 1797 817 1848; x_wconf 60' lang='lat' dir='ltr'>bles-siml</span> <span class='ocrx_word' id='word_1_103' title='bbox 847 1811 890 1837; x_wconf 78' lang='lat' dir='ltr'>so</span> <span class='ocrx_word' id='word_1_104' title='bbox 921 1797 956 1836; x_wconf 79' lang='lat' dir='ltr'>is</span> <span class='ocrx_word' id='word_1_105' title='bbox 986 1811 1039 1836; x_wconf 82' lang='lat' dir='ltr'>on</span> <span class='ocrx_word' id='word_1_106' title='bbox 1067 1798 1182 1848; x_wconf 51' lang='lat' dir='ltr'>you?</span> 
     </span>
     <span class='ocr_line' id='line_1_20' title="bbox 1312 1852 1664 1899; baseline 0.003 -11"><span class='ocrx_word' id='word_1_107' title='bbox 1312 1853 1515 1899; x_wconf 85' lang='lat' dir='ltr'>Tempest,</span> <span class='ocrx_word' id='word_1_108' title='bbox 1546 1852 1597 1890; x_wconf 87' lang='lat' dir='ltr'>iv.</span> <span class='ocrx_word' id='word_1_109' title='bbox 1630 1853 1664 1889; x_wconf 86' lang='lat'>1.</span> 
     </span>
    </p>
   </div>
   <div class='ocr_carea' id='block_1_5' title="bbox 144 1942 1668 2583">
    <p class='ocr_par' dir='ltr' id='par_1_9' title="bbox 144 1942 1668 2174">
     <span class='ocr_line' id='line_1_21' title="bbox 215 1942 1665 2007; baseline -0.002 -15"><span class='ocrx_word' id='word_1_110' title='bbox 215 1943 385 1993; x_wconf 87' lang='lat' dir='ltr'>Midae</span> <span class='ocrx_word' id='word_1_111' title='bbox 429 1960 562 2001; x_wconf 87' lang='lat' dir='ltr'>vero,</span> <span class='ocrx_word' id='word_1_112' title='bbox 605 1944 743 1991; x_wconf 89' lang='lat' dir='ltr'>cuius</span> <span class='ocrx_word' id='word_1_113' title='bbox 788 1943 997 2007; x_wconf 84' lang='lat' dir='ltr'>imperio</span> <span class='ocrx_word' id='word_1_114' title='bbox 1038 1942 1259 2007; x_wconf 85' lang='lat' dir='ltr'>Phrygia</span> <span class='ocrx_word' id='word_1_115' title='bbox 1296 1942 1393 1990; x_wconf 86' lang='lat' dir='ltr'>fuit</span> <span class='ocrx_word' id='word_1_116' title='bbox 1431 1942 1665 1999; x_wconf 88' lang='lat' dir='ltr'>subiecta,</span> 
     </span>
     <span class='ocr_line' id='line_1_22' title="bbox 145 2023 1668 2092; baseline -0.003 -17"><span class='ocrx_word' id='word_1_117' title='bbox 145 2043 299 2092; x_wconf 88' lang='lat' dir='ltr'>puero</span> <span class='ocrx_word' id='word_1_118' title='bbox 349 2026 618 2075; x_wconf 90' lang='lat' dir='ltr'>dormienti</span> <span class='ocrx_word' id='word_1_119' title='bbox 668 2025 902 2074; x_wconf 89' lang='lat' dir='ltr'>formicae</span> <span class='ocrx_word' id='word_1_120' title='bbox 951 2026 1003 2073; x_wconf 91' lang='lat' dir='ltr'>in</span> <span class='ocrx_word' id='word_1_121' title='bbox 1053 2042 1107 2073; x_wconf 92' lang='lat' dir='ltr'>os</span> <span class='ocrx_word' id='word_1_122' title='bbox 1154 2041 1309 2088; x_wconf 88' lang='lat' dir='ltr'>grana</span> <span class='ocrx_word' id='word_1_123' title='bbox 1356 2023 1511 2072; x_wconf 91' lang='lat' dir='ltr'>tritici</span> <span class='ocrx_word' id='word_1_124' title='bbox 1560 2040 1668 2072; x_wconf 89' lang='lat' dir='ltr'>con·</span> 
     </span>
     <span class='ocr_line' id='line_1_23' title="bbox 144 2114 419 2174; baseline -0.007 -16"><span class='ocrx_word' id='word_1_125' title='bbox 144 2114 419 2174; x_wconf 89' lang='lat' dir='ltr'>gesserunt.</span> 
     </span>
    </p>

    <p class='ocr_par' dir='ltr' id='par_1_10' title="bbox 146 2187 1668 2404">
     <span class='ocr_line' id='line_1_24' title="bbox 213 2187 1668 2253; baseline -0.003 -14"><span class='ocrx_word' id='word_1_126' title='bbox 213 2190 515 2239; x_wconf 88' lang='lat' dir='ltr'>Parentibus</span> <span class='ocrx_word' id='word_1_127' title='bbox 541 2189 724 2238; x_wconf 90' lang='lat' dir='ltr'>deinde</span> <span class='ocrx_word' id='word_1_128' title='bbox 750 2189 855 2239; x_wconf 92' lang='lat' dir='ltr'>eius</span> <span class='ocrx_word' id='word_1_129' title='bbox 883 2206 1092 2253; x_wconf 89' lang='lat' dir='ltr'>quorsus</span> <span class='ocrx_word' id='word_1_130' title='bbox 1126 2187 1413 2252; x_wconf 88' lang='lat' dir='ltr'>prodigium</span> <span class='ocrx_word' id='word_1_131' title='bbox 1439 2187 1668 2236; x_wconf 89' lang='lat' dir='ltr'>tenderet</span> 
     </span>
     <span class='ocr_line' id='line_1_25' title="bbox 146 2269 1668 2337; baseline -0.004 -15"><span class='ocrx_word' id='word_1_132' title='bbox 146 2272 526 2337; x_wconf 88' lang='lat' dir='ltr'>explorantibus</span> <span class='ocrx_word' id='word_1_133' title='bbox 576 2288 787 2335; x_wconf 85' lang='lat' dir='ltr'>augures</span> <span class='ocrx_word' id='word_1_134' title='bbox 834 2270 1201 2335; x_wconf 86' lang='lat' dir='ltr'>responderunt</span> <span class='ocrx_word' id='word_1_135' title='bbox 1256 2270 1480 2317; x_wconf 88' lang='lat' dir='ltr'>omnium</span> <span class='ocrx_word' id='word_1_136' title='bbox 1526 2269 1668 2316; x_wconf 89' lang='lat' dir='ltr'>illum</span> 
     </span>
     <span class='ocr_line' id='line_1_26' title="bbox 146 2353 1051 2404; baseline -0.006 0"><span class='ocrx_word' id='word_1_137' title='bbox 146 2355 435 2404; x_wconf 88' lang='lat' dir='ltr'>mortalium</span> <span class='ocrx_word' id='word_1_138' title='bbox 472 2354 702 2403; x_wconf 90' lang='lat' dir='ltr'>futurum</span> <span class='ocrx_word' id='word_1_139' title='bbox 739 2353 1051 2401; x_wconf 86' lang='lat' dir='ltr'>ditissimum¹</span> 
     </span>
    </p>

    <p class='ocr_par' dir='ltr' id='par_1_11' title="bbox 147 2432 1667 2583">
     <span class='ocr_line' id='line_1_27' title="bbox 214 2432 1667 2500; baseline -0.003 -15"><span class='ocrx_word' id='word_1_140' title='bbox 214 2436 318 2485; x_wconf 86' lang='lat' dir='ltr'>Nec</span> <span class='ocrx_word' id='word_1_141' title='bbox 338 2454 468 2485; x_wconf 83' lang='lat' dir='ltr'>vana</span> <span class='ocrx_word' id='word_1_142' title='bbox 493 2435 767 2500; x_wconf 89' lang='lat' dir='ltr'>praedictio</span> <span class='ocrx_word' id='word_1_143' title='bbox 793 2435 1010 2483; x_wconf 82' lang='lat' dir='ltr'>exstitit:</span> <span class='ocrx_word' id='word_1_144' title='bbox 1048 2450 1164 2482; x_wconf 87' lang='lat' dir='ltr'>nam</span> <span class='ocrx_word' id='word_1_145' title='bbox 1184 2432 1350 2481; x_wconf 90' lang='lat' dir='ltr'>Midas</span> <span class='ocrx_word' id='word_1_146' title='bbox 1375 2438 1667 2481; x_wconf 91' lang='lat' dir='ltr'>cunctorum</span> 
     </span>
     <span class='ocr_line' id='line_1_28' title="bbox 147 2514 1664 2583; baseline -0.003 -16"><span class='ocrx_word' id='word_1_147' title='bbox 147 2535 303 2583; x_wconf 88' lang='lat' dir='ltr'>paene</span> <span class='ocrx_word' id='word_1_148' title='bbox 351 2535 526 2583; x_wconf 87' lang='lat' dir='ltr'>regum</span> <span class='ocrx_word' id='word_1_149' title='bbox 575 2534 693 2581; x_wconf 89' lang='lat' dir='ltr'>opes</span> <span class='ocrx_word' id='word_1_150' title='bbox 743 2516 1051 2565; x_wconf 87' lang='lat' dir='ltr'>abundantia</span> <span class='ocrx_word' id='word_1_151' title='bbox 1099 2515 1338 2579; x_wconf 90' lang='lat' dir='ltr'>pecuniae</span> <span class='ocrx_word' id='word_1_152' title='bbox 1388 2514 1664 2574; x_wconf 86' lang='lat' dir='ltr'>antecessit,</span> 
     </span>
    </p>
   </div>
  </div>
 </body>
</html>
