1811 2828
122 199 148 237 6
553 196 862 237 VALERIUS
904 196 1210 238 MAXIMUS.

191 317 423 366 Consulis
482 318 768 366 obtruncati
828 335 1005 382 corpus
1065 318 1129 367 ad
1187 317 1522 367 funerandum
1582 319 1644 367 ab

123 399 406 448 Hannibale
450 400 748 463 quaesitum,
791 400 894 464 qui,
936 407 1180 464 quantum
1221 401 1273 448 in
1315 401 1423 464 ipso
1465 401 1640 460 fuerat,

122 480 405 529 Romanum
443 481 708 546 sepelierat
743 482 1024 546 imperium.

209 655 287 690 10.
324 650 406 690 “Ic
436 650 472 690 is
498 650 765 702 prodimus,
799 651 911 690 there
941 650 1027 690 wilc
1056 663 1167 690 come
1195 663 1304 690 some
1334 651 1504 701 chansye.

1013 719 1174 756 Troilus
1200 719 1282 756 and
1310 719 1508 765 Cressida,
1541 732 1575 757 v.
1609 719 1642 757 1.

192 808 244 858 C.
293 808 512 857 Hostilio
557 809 791 858 Mancino
841 809 1031 858 consuli
1073 810 1124 857 in
1169 809 1466 874 Hispaniam
1515 811 1647 859 ituro

123 892 243 939 haec
279 890 511 955 prodigia
547 891 849 940 acciderunt.

192 972 320 1022 Cum
360 972 540 1021 Lavini
580 972 875 1021 sacrificium
918 973 1079 1022 facere
1122 972 1287 1032 vellet,
1333 972 1456 1036 pulli
1500 990 1649 1022 cavea

124 1055 289 1104 emissi
349 1053 402 1102 in
467 1056 747 1118 proximam
809 1055 986 1103 silvam
1043 1055 1295 1119 fugerunt,
1359 1072 1648 1119 summaque

126 1136 389 1200 diligentia
426 1137 639 1200 quaesiti
676 1136 882 1200 reperiri
919 1137 1235 1200 nequierunt.

195 1219 323 1268 Cum
363 1218 424 1267 ab
466 1218 697 1267 Herculis
739 1224 904 1283 portu,
944 1235 1041 1282 quo
1085 1218 1295 1281 pedibus
1338 1226 1646 1283 pervenerat,

128 1318 307 1350 navem
348 1301 717 1368 conscenderet,
757 1301 871 1349 talis
912 1318 1012 1349 vox
1052 1301 1159 1350 sine
1203 1300 1304 1349 ullo
1344 1308 1544 1349 auctore
1587 1300 1650 1349 ad

127 1400 269 1431 aures
307 1383 412 1431 eius
449 1384 692 1446 pervenit,
737 1382 1012 1443 ‘Mancine‚
1053 1385 1230 1431 mane.'

196 1465 305 1526 Qua
330 1465 550 1525 territus,
580 1482 691 1514 cum
718 1465 896 1514 itinere
923 1481 1161 1513 converso
1188 1464 1419 1512 Genuam
1444 1463 1653 1526 petisset

127 1554 177 1595 et
201 1547 270 1596 ibi
305 1547 540 1611 scapham
567 1554 695 1596 esset
728 1548 990 1612 ingressus,
1021 1547 1195 1611 anguis
1222 1545 1433 1595 eximiae
1467 1545 1653 1609 magni-

128 1629 320 1678 tudinis
345 1630 481 1678 visus
509 1647 533 1678 e
560 1636 828 1693 conspectu
855 1629 990 1678 abiit.

195 1712 326 1777 Ergo
365 1711 709 1776 prodigiorum
747 1728 1007 1760 numerum
1045 1728 1253 1759 numero
1293 1709 1653 1759 calamitatium

130 1795 378 1858 aequavit,
440 1794 627 1843 infelici
687 1811 867 1858 pugna,
933 1794 1070 1857 turpi
1129 1792 1343 1852 foedere,
1395 1791 1652 1841 deditione

128 1876 338 1925 funesta.

216 2049 288 2082 11.
329 2046 357 2063 ‘⁶
375 2041 466 2082 ’Tis
497 2048 566 2082 not
596 2042 717 2082 alone
747 2054 819 2092 my
849 2040 951 2093 inky
980 2040 1113 2090 cloak,
1147 2041 1254 2091 qood
1283 2040 1455 2080 mother.

1345 2109 1528 2154 Hamlet,
1558 2108 1582 2145 i.
1614 2108 1649 2146 2.

199 2203 315 2250 Non
338 2201 459 2249 sinit
485 2218 575 2249 nos
602 2201 669 2248 M.
697 2200 918 2259 Crassus,
943 2200 1077 2249 inter
1100 2199 1418 2264 gravissimas
1438 2198 1655 2247 Romani

132 2283 327 2347 imperii
352 2283 568 2331 iacturas
594 2282 948 2342 numerandUS,
979 2281 1070 2329 hoc
1096 2280 1201 2329 loco
1228 2281 1290 2329 de
1323 2297 1374 2330 se
1400 2280 1656 2330 silentium

132 2383 289 2430 agere,
318 2365 549 2429 plurimis
576 2372 625 2414 et
659 2365 1048 2414 evidentissimis
1079 2370 1194 2413 ante
1229 2370 1423 2413 tantam
1456 2364 1655 2413 ruinam

133 2454 471 2497 monstrorum
498 2448 725 2513 pulsatus
751 2449 945 2497 ictibus.
1223 2436 1227 2437 ⁷
1253 2439 1258 2440 ⁷

203 2529 458 2578 Ducturus
485 2536 592 2579 erat
613 2547 638 2578 a
666 2529 833 2578 Carris
859 2530 1098 2578 adversus
1123 2529 1338 2578 Parthos
1363 2529 1648 2578 exercitum.
