1907 2828
664 128 744 171 DE
786 129 1147 170 MAIESTATE.
1610 132 1662 176 37

141 251 508 317 inspiciendum
538 253 668 302 circa
696 252 887 303 iudices
916 252 1180 313 ferrentur,
1209 260 1374 302 totum
1399 253 1662 303 concilium

140 334 204 383 ab
233 350 404 384 earum
433 334 855 400 contemplatione
885 335 1054 385 oculos
1082 336 1281 395 avertit,
1314 353 1375 385 ne
1406 336 1467 386 de
1499 336 1666 401 aliqua

139 431 208 476 re,
253 432 383 481 quae
425 416 476 466 in
524 416 603 466 his
650 416 835 466 relatae
884 426 1041 476 erant,
1086 418 1344 468 videretur
1392 418 1659 469 dubitasse.

141 496 259 547 Non
300 498 354 547 in
402 498 589 548 tabulis
635 499 721 549 sed
770 500 823 548 in
869 499 974 549 vita
1021 499 1077 561 Q.
1125 500 1319 550 Metelli
1372 509 1666 564 argumenta

139 579 331 630 sincere
367 579 745 631 administratae
784 582 1067 646 provinciae
1104 582 1316 647 legenda
1348 584 1440 632 sibi
1478 583 1664 632 iudices

140 661 478 724 crediderunt,
529 663 792 729 indignum
847 664 944 714 rati
999 665 1342 730 integritatem
1392 667 1519 714 tanti
1570 666 1664 715 viri

140 745 323 810 exigua
357 763 471 796 cera
505 753 557 796 et
592 747 762 811 paucis
798 745 982 796 litteris
1018 747 1273 812 perpendi.

211 827 310 878 Sed
336 827 461 894 quid
486 828 681 888 mirum,
706 829 747 878 si
771 828 975 879 debitus
1000 829 1160 880 honos
1185 848 1214 880 a
1239 831 1430 880 civibus
1457 830 1665 881 Metello

141 910 364 960 tributus
403 917 494 971 est,
538 928 690 976 quem
734 911 986 976 Superiori
1027 913 1267 963 Africano
1310 914 1463 964 etiam
1508 915 1665 963 hostis

143 1001 395 1058 praestare
436 1011 538 1044 non
579 993 874 1044 dubitavit?
943 994 1204 1060 Siquidem
1252 1013 1341 1045 rex
1383 997 1666 1045 Antiochus

142 1075 289 1137 bello,
316 1076 451 1141 quod
487 1094 599 1126 cum
637 1076 876 1126 Romanis
913 1078 1132 1143 gerebat,
1163 1078 1320 1128 filium
1352 1079 1458 1128 eius
1488 1097 1517 1127 a
1541 1078 1665 1127 mili-

142 1158 277 1208 tibus
302 1158 406 1208 suis
430 1159 765 1224 interceptum
792 1159 1175 1209 honoratissime
1200 1162 1398 1226 excepit
1418 1161 1664 1226 regiisque

143 1242 432 1291 muneribus
473 1241 717 1292 donatum
760 1242 894 1291 ultro
930 1250 981 1292 et
1017 1243 1243 1293 celeriter
1286 1243 1417 1309 patri
1456 1244 1662 1303 remisit,

142 1340 444 1389 quamquam
482 1324 546 1373 ab
579 1341 638 1374 eo
675 1331 783 1373 tum
820 1326 1037 1375 maxime
1072 1327 1254 1375 finibus
1287 1327 1483 1391 imperii
1521 1327 1666 1392 pelle-

143 1405 304 1456 batur.
379 1405 479 1456 Sed
509 1415 561 1456 et
590 1424 678 1456 rex
710 1415 760 1456 et
790 1407 1045 1457 lacessitus
1079 1409 1391 1457 maiestatem
1426 1409 1664 1458 excellen-

142 1488 323 1538 tissimi
372 1488 468 1538 viri
517 1490 744 1539 venerari
803 1506 955 1554 quam
1015 1490 1236 1540 dolorem
1296 1508 1442 1540 suum
1496 1491 1663 1541 ulcisci

143 1570 335 1620 maluit.

225 1768 310 1804 40.
588 1766 615 1786 ‘⁴
641 1765 808 1805 Rem-eive
838 1767 938 1806 snt-h
968 1767 1155 1808 walt-ome
1183 1774 1230 1807 ae
1259 1782 1332 1820 my
1362 1769 1482 1808 hand

417 1832 484 1873 Aa
510 1832 676 1874 honour
704 1834 874 1875 without
905 1836 1056 1876 mach
1085 1837 1139 1888 os
1159 1837 1325 1877 honour
1353 1837 1493 1877 makes
1520 1838 1667 1878 temler

526 1901 615 1953 os.”

1028 1973 1166 2012 Love‘s
1195 1974 1387 2013 Labour's
1415 1976 1522 2019 Lost.
1556 1977 1592 2013 ii.
1628 1977 1659 2014 1.

214 2060 297 2111 Ad
329 2060 544 2112 eundem
578 2062 871 2114 Africanum
906 2066 957 2114 in
994 2065 1255 2116 Liternina
1285 2067 1404 2117 villa
1436 2086 1486 2117 se
1519 2069 1665 2117 retin-

144 2150 315 2193 entem
340 2143 603 2209 conplures
633 2146 942 2210 praedonum
973 2147 1124 2197 duces
1149 2149 1353 2198 videndi
1385 2150 1489 2198 eius
1520 2167 1667 2200 causa

145 2224 322 2276 eodem
347 2234 571 2292 tempore
597 2228 724 2277 forte
751 2230 1112 2280 confluxerunt.
1188 2232 1322 2292 Quos
1348 2249 1458 2281 cum
1479 2232 1542 2281 ad
1565 2233 1664 2280 vim

144 2307 423 2359 faciendam
470 2311 641 2361 venire
689 2312 1037 2375 existimasset,
1083 2315 1385 2379 praesidium
1435 2315 1667 2365 domesti-

145 2406 315 2440 corum
340 2391 393 2441 in
419 2398 554 2442 tecto
577 2393 856 2444 conlocavit
881 2403 1085 2460 eratque
1112 2398 1159 2445 in
1190 2397 1265 2446 his
1291 2397 1590 2462 repellendis
1616 2405 1666 2446 et

145 2471 314 2522 animo
354 2481 408 2523 et
447 2473 692 2540 adparatu
741 2486 1022 2541 occupatus.
1098 2479 1242 2540 Quod
1292 2489 1349 2529 ut
1390 2480 1666 2545 praedones
