1811 2828
85 172 88 173 ’
148 183 174 222 2
574 182 880 223 VALERIUS
922 182 1222 223 MAXiMUs

233 309 275 343 2.
438 304 602 354 “Upon
631 304 731 344 such
760 304 979 355 sacrifices,
1014 318 1082 355 my
1116 304 1329 353 Cordelia,

480 373 563 412 The
596 373 707 412 Geel-s
738 374 972 413 themselves
1003 374 1134 413 throw
1164 373 1367 414 iucem-ses*

1267 443 1378 489 King
1406 443 1518 487 Lear,
1550 455 1585 479 v.
1616 443 1651 480 3.

216 527 453 575 Camillus
479 545 589 576 cum
616 534 743 576 esset
769 534 995 591 precatus
1022 535 1090 586 ut,
1115 529 1154 576 si
1175 529 1252 576 cui
1273 529 1478 576 deorum
1503 530 1657 578 nimia

147 608 352 656 felicitas
402 610 572 672 populi
620 610 832 658 Romani
875 610 1143 669 videretur,
1190 610 1294 658 eius
1336 609 1526 658 invidia
1568 627 1655 658 suo

148 689 313 752 aliquo
350 690 664 738 incommodo
701 691 977 750 satiaretur,
1007 691 1171 738 subito
1208 691 1350 754 lapsu
1387 690 1585 739 decidit.

215 770 360 831 Quod
391 788 536 820 omen
567 772 629 820 ad
660 772 1044 831 damnationem,
1075 789 1172 836 qua
1197 779 1370 836 postea
1395 789 1654 837 oppressus

148 857 234 910 est,
266 853 561 914 pertinuisse
587 854 750 901 visum
776 860 861 902 est.

214 933 398 981 Merito
442 934 503 982 de
547 934 692 982 laude
734 935 864 983 iuter
901 952 950 983 se
988 935 1197 983 victoria
1233 940 1283 983 et
1320 935 1400 999 pia
1437 935 1655 998 precatio

147 1014 437 1077 amplissimi
464 1015 558 1063 viri
584 1022 791 1064 certant.

213 1096 389 1159 Aeque
420 1097 552 1144 enim
578 1097 779 1144 virtutis
811 1104 885 1145 est
915 1103 964 1145 et
995 1097 1126 1145 bona
1159 1097 1348 1160 patriae
1382 1097 1576 1146 auxisse
1607 1104 1656 1145 et

146 1177 275 1226 mala
301 1178 350 1225 in
379 1195 427 1225 se
453 1179 709 1227 transferri
738 1178 964 1227 voluisse.

231 1376 274 1410 3.
659 1373 687 1391 “
708 1371 791 1410 The
821 1371 902 1422 (loss
931 1372 967 1410 is
997 1372 1121 1411 dead.

1204 1426 1381 1463 Richard
1409 1427 1501 1472 111„
1533 1427 1583 1464 iv.
1619 1428 1654 1463 4.

215 1515 348 1577 Quid
391 1515 528 1574 illud,
575 1516 707 1579 quod
751 1516 803 1564 L.
849 1516 1004 1564 Paulo
1047 1516 1237 1565 consuli
1281 1519 1460 1577 evenit,
1508 1534 1655 1581 quani

148 1598 464 1645 memorabile
486 1602 493 1644 1

215 1679 275 1726 Ei
302 1684 433 1727 sorte
465 1679 668 1727 obvenit
693 1684 750 1726 ut
775 1678 961 1726 bellum
988 1696 1098 1727 cum
1124 1696 1239 1742 rege
1271 1680 1418 1728 Perse
1448 1685 1650 1743 gereret.

214 1760 433 1808 Domum
478 1777 502 1808 e
545 1760 679 1808 curia
720 1776 983 1823 regressus,
1031 1760 1233 1808 filiolam
1276 1750 1414 1809 suam
1457 1761 1656 1808 nomine

148 1841 382 1900 Tertiam,
411 1858 535 1904 quae
573 1848 680 1888 tum
719 1847 824 1889 erat
858 1841 1127 1889 admodum
1160 1842 1380 1905 parvula,
1409 1841 1656 1890 osculatus

147 1924 343 1970 tristem
369 1922 738 1970 animadvertit.

214 2003 551 2067 Interrogavit
577 2003 697 2066 quid
723 2020 779 2051 eo
805 2003 948 2051 vultu
975 2009 1115 2052 esset.

216 2085 350 2144 Quae
378 2085 638 2147 respondit
665 2084 865 2132 Persam
891 2085 1107 2148 periisse.

214 2166 506 2214 Decesserat
543 2172 709 2214 autem
747 2165 965 2225 cateHuS,
995 2183 1140 2229 quem
1178 2164 1343 2228 puella
1379 2165 1430 2212 in
1467 2164 1656 2212 deliciis

147 2248 402 2303 habuerat,
431 2247 632 2294 nomine
658 2247 819 2294 Persa.

214 2328 445 2389 Arripuit
482 2328 634 2390 igitur
671 2345 814 2374 omen
853 2327 1036 2375 Paulus
1079 2344 1238 2390 exque
1276 2327 1486 2375 fortuito
1523 2326 1654 2373 dicto

146 2410 284 2471 quasi
324 2415 508 2456 certam
547 2426 683 2473 spem
728 2409 986 2458 clarissimi
1031 2408 1272 2475 triumphi
1315 2409 1479 2456 animo
1521 2423 1656 2474 prae-

148 2491 369 2554 sumpsit.
