1907 2828
0 205 15 310 ‘'UU
0 77 15 180 .-.ά
0 0 24 49 n

494 159 572 200 DF,
615 159 954 202 INSTITU'rls
998 161 1298 211 ANTIQLHS.
1603 166 1650 205 1ss

204 280 439 332 Feminae
469 297 583 331 cum
610 282 730 330 viris
759 283 1057 331 cubantibus
1087 283 1316 333 sedentes
1346 286 1646 335 cenitabuut.

135 362 273 424 Quae
320 363 629 414 consuetudo
676 381 738 412 ex
788 364 1047 413 hominum
1097 366 1325 414 convictu
1375 366 1435 414 ad
1480 366 1651 415 divina

134 446 448 510 penetravit:
501 462 615 494 nam
655 445 788 495 Iovis
825 446 972 510 epulo
1011 447 1114 510 ipse
1149 447 1198 495 in
1238 446 1485 505 lectulum,
1526 448 1649 496 quo

133 534 186 577 et
219 526 454 577 Minerva
489 527 539 576 in
577 526 722 577 sellas
758 527 821 576 ad
858 545 1029 577 cenam
1069 528 1424 577 invitabantur.

200 608 444 671 Quotiens
469 625 587 658 vero
620 610 753 658 inter
779 610 940 658 virum
975 617 1026 658 et
1059 627 1263 659 uxorem
1297 610 1486 674 aliquid
1523 611 1648 674 iurgi

133 691 494 751 intercesserat,
533 691 582 740 iu
628 691 861 741 sacellum
904 691 1024 740 deae
1065 692 1354 757 Viriplacae,
1396 692 1530 756 quod
1576 700 1650 742 est

131 772 184 824 in
221 771 431 833 Palatio,
461 773 729 823 veniebant
758 783 808 823 et
839 774 905 822 ibi
939 774 1149 823 invicem
1182 774 1332 823 locuti
1365 791 1491 839 quae
1518 775 1650 823 volu-

130 860 286 915 erant,
320 855 642 905 contentione
678 855 959 904 animorum
997 854 1241 919 deposita,
1276 855 1544 905 concordes
1582 872 1648 905 re-

133 936 470 987 vertebantur.
545 936 653 986 Dea
683 954 862 985 nomen
896 937 986 985 hoc
1013 953 1041 985 a
1066 937 1321 1001 placandis
1348 938 1466 986 viris
1493 938 1650 986 fertur

131 1017 378 1079 adsecuta,
414 1018 697 1069 veneranda
734 1018 937 1083 quidem
977 1025 1027 1068 et
1070 1019 1234 1068 nescio
1271 1036 1332 1067 au
1373 1020 1649 1084 praecipuis

130 1107 183 1150 et
218 1100 481 1165 exquisitis
517 1100 769 1149 sacrificiis
806 1100 1025 1160 colenda,
1057 1108 1232 1165 utpote
1263 1100 1564 1150 cottidianae
1595 1118 1649 1150 ac

133 1180 431 1232 domesticae
468 1182 603 1247 pacis
640 1189 819 1232 custos.

214 1421 301 1459 ⁸0.
368 1418 531 1470 “Keep
561 1432 670 1470 your
688 1418 869 1470 sellows'
900 1419 1086 1458 courum
1115 1419 1204 1458 anal
1233 1432 1344 1470 your
1372 1419 1505 1459 own.’'

862 1487 982 1524 Mucli
1014 1488 1104 1525 Ado
1133 1488 1267 1524 About
1297 1488 1491 1535 Nothing,
1525 1489 1578 1527 iii.
1610 1490 1645 1527 3.

198 1592 327 1644 Cum
378 1594 527 1644 Asiae
581 1610 669 1643 rex
724 1593 969 1643 Eumenes
1024 1594 1393 1642 amantissimus
1449 1601 1647 1645 nostrae

131 1675 269 1725 urbis
310 1676 496 1726 bellum
533 1693 562 1726 a
604 1675 753 1725 Perse
790 1675 1028 1724 adversus
1081 1676 1318 1740 populum
1366 1675 1643 1725 Romanum

129 1755 387 1819 conparari
430 1755 625 1804 senatui
676 1755 972 1813 nuntiasset,
1014 1770 1110 1802 non
1156 1763 1271 1802 ante
1310 1753 1422 1801 sciri
1467 1755 1644 1817 potuit.

129 1831 252 1898 quid
287 1840 375 1883 aut
410 1832 494 1882 ille
531 1832 724 1882 locutus
761 1841 890 1881 esset
926 1840 1013 1880 aut
1051 1841 1215 1896 patres
1259 1832 1644 1896 respondissent,

129 1931 278 1981 quam
331 1922 532 1980 captum
584 1914 767 1963 Persen
822 1914 1076 1978 cognitum
1134 1921 1220 1962 est.
1312 1913 1488 1962 Fidum
1542 1925 1642 1963 crat

129 2004 181 2047 et
232 1996 390 2047 altum
439 1996 738 2062 reipublicae
787 2003 959 2060 pectus
1003 1996 1137 2044 curia
1187 1995 1471 2058 silentiique
1526 1995 1643 2044 salu-

129 2077 312 2129 britate
353 2078 605 2129 munitum
649 2085 700 2127 et
743 2077 982 2127 vallatum
1033 2077 1270 2142 undique,
1316 2077 1452 2124 cuius
1496 2076 1645 2126 limen

130 2161 375 2211 intrantes
443 2160 640 2211 abiecta
709 2160 906 2225 privata
975 2160 1183 2210 caritate
1260 2159 1505 2224 publicam
1578 2160 1644 2207 in-

127 2240 358 2292 (luerunt.

198 2322 423 2373 Maxima
471 2322 732 2389 diligentia
783 2323 991 2372 maiores
1042 2322 1173 2371 hunc
1226 2339 1410 2370 morem
1465 2321 1645 2369 retinu-

129 2410 291 2465 erunt,
347 2421 409 2454 ne
466 2405 578 2470 quis
637 2422 688 2453 se
748 2405 881 2453 inter
939 2404 1189 2452 consulem
1251 2410 1302 2452 et
1363 2403 1641 2467 proximum

130 2485 371 2546 lictorem,
413 2487 644 2552 quamvis
699 2486 843 2534 officii
900 2501 1044 2533 causa
1098 2501 1195 2532 una
1249 2484 1641 2548 progrederetur,
