1811 2828
127 186 180 227 28
553 187 861 227 VALERIUS
902 184 1206 228 MAXIMUS,

331 379 415 428 VI.
490 380 582 427 DE
630 379 1036 429 DISCIPLINA
1082 379 1420 428 MILITARI.

209 507 294 544 40,
361 503 445 543 “K
447 504 491 543 ill
512 504 577 543 the
599 504 695 555 boys
717 505 806 543 ancl
829 504 892 544 che
913 505 1089 555 luyqaqe
1106 504 1120 542 .'
1150 503 1216 543 'ti-s
1237 504 1451 555 expres-§ly
1470 506 1638 555 αῃαὶηςέ

453 571 518 611 the
540 572 621 611 law
642 572 697 621 os
707 586 823 611 arms
837 586 849 613 .·
875 572 940 611 'tis
961 586 1009 611 as
1027 578 1181 612 arram
1197 586 1226 612 α
1241 573 1355 623 piece
1370 571 1424 622 of
1434 571 1633 623 knavery,

452 640 575 679 mark
605 654 688 691 you
717 654 820 688 now,
856 654 904 680 as
935 654 1014 680 can
1045 641 1088 680 bc
1118 640 1302 692 offered;
1331 640 1377 680 in
1405 653 1515 692 your
1543 653 1635 680 con-

453 707 606 747 science
636 722 740 754 now,
772 708 808 747 is
838 709 870 747 ic
901 708 1041 748 not?''

1248 777 1390 823 Henry
1418 777 1485 823 V.‚
1516 777 1567 814 iv.
1599 778 1633 818 7.

193 872 356 922 Venio
405 890 536 921 nunc
585 872 647 921 ad
696 874 1016 937 praecipuum
1065 873 1214 922 decus
1257 877 1307 921 et
1349 872 1412 921 ad
1454 873 1632 922 stabili-

126 962 351 1003 mentum
395 955 606 1003 Romani
650 954 861 1018 imperii,
908 955 1113 1003 salutari
1161 955 1528 1018 perseverantia
1575 954 1632 1002 ad

126 1037 217 1086 hoc
248 1043 446 1100 tempus
477 1037 724 1085 sincerum
755 1044 804 1085 et
836 1037 1080 1085 incolume
1111 1043 1375 1096 servatum,
1409 1035 1640 1085 militaris

127 1118 417 1182 disciplinae
455 1118 825 1167 tenacissimum
862 1118 1129 1177 vinculum,
1170 1117 1223 1165 in
1260 1118 1398 1166 cuius
1436 1117 1547 1165 sinu
1584 1135 1642 1166 ao

128 1199 285 1248 tutela
345 1216 547 1248 serenus
606 1199 1005 1263 tranquillusque
1063 1199 1236 1248 beatae
1291 1198 1423 1262 pacis
1476 1204 1636 1247 status

128 1280 414 1344 adquiescit).
1442 1292 1445 1293 ⁷

193 1362 444 1422 Metellus,
475 1378 586 1410 cum
611 1361 884 1410 exercitum
910 1362 963 1408 in
987 1361 1158 1409 Africa
1183 1359 1483 1424 Iugurthino
1508 1359 1637 1408 bello

127 1444 281 1492 nimia
310 1443 457 1507 Spuri
487 1443 658 1491 Albini
690 1442 1004 1506 indulgentia
1033 1447 1323 1505 corruptum
1357 1440 1632 1504 accepisset,

128 1524 356 1573 omnibus
388 1524 583 1588 imperii
612 1524 780 1572 nervis
811 1523 872 1571 ad
906 1523 1236 1572 revocandam
1271 1523 1510 1587 pristinae
1543 1522 1637 1570 dis-

127 1605 362 1668 ciplinam
403 1604 611 1653 militiae
654 1605 860 1653 conixus
903 1611 990 1653 est.
1067 1605 1172 1654 Nec
1217 1605 1434 1669 singulas
1473 1611 1636 1669 partes

127 1685 472 1748 adprehendit,
523 1685 608 1733 sed
661 1692 821 1734 totam
870 1687 1106 1735 continuo
1157 1687 1210 1734 in
1259 1704 1402 1735 suum
1451 1693 1636 1735 statum

127 1765 332 1830 redegit.
406 1766 636 1830 Namque
666 1766 792 1814 lixas
819 1783 843 1814 e
873 1767 1046 1815 castris
1079 1768 1345 1827 submovit,
1374 1768 1636 1831 cibumque

127 1854 321 1897 coctum
350 1848 578 1896 venalem
605 1848 817 1912 proponi
849 1849 1042 1898 vetuit:
1080 1849 1132 1896 in
1164 1849 1358 1913 agmine
1388 1849 1636 1898 neminem

126 1929 341 1977 militum
367 1930 644 1978 ministerio
671 1946 928 1978 servorum
954 1931 1403 1993 iumentorumque,
1426 1937 1483 1977 ut
1502 1946 1637 1977 arma

127 2026 215 2058 sua
242 2017 290 2058 et
317 2010 551 2059 alimenta
576 2010 671 2074 ipsi
698 2011 902 2070 ferrent,
925 2011 1002 2058 uti
1027 2027 1198 2074 passus
1226 2016 1330 2059 est:
1364 2016 1636 2058 castrorum

127 2091 337 2140 subinde
374 2091 536 2139 locum
578 2092 823 2141 mutavit:
874 2091 1060 2150 eadem,
1100 2098 1356 2155 tamquam
1392 2090 1638 2154 Iugurtha

128 2189 321 2236 semper
345 2172 552 2231 adesset,
577 2173 707 2222 vallo
732 2173 961 2236 fossaque
989 2172 1242 2236 aptissime
1269 2172 1440 2220 cinxit.
1503 2171 1636 2231 Quid

130 2270 243 2318 ergo
296 2253 531 2302 restituta
585 2253 905 2312 continentia,
957 2252 1077 2316 quid
1131 2253 1344 2316 repetita
1390 2251 1637 2300 industria

130 2333 370 2397 profecit?
442 2334 650 2383 Crebras
681 2334 867 2382 scilicet
897 2333 1131 2381 victorias
1161 2340 1210 2381 et
1239 2333 1399 2382 multa
1433 2339 1636 2397 tropaea

128 2415 321 2478 peperit
366 2432 428 2462 ex
481 2431 536 2463 eo
584 2414 740 2473 hoste,
795 2415 931 2462 cuius
985 2421 1180 2478 tergum
1233 2415 1326 2463 sub
1374 2414 1636 2463 ambitioso

128 2495 426 2557 imperatore
463 2494 688 2542 Romano
725 2494 873 2541 militi
910 2494 1079 2541 videre
1115 2510 1215 2542 non
1253 2494 1539 2558 contigerat.
