1811 2828
97 181 145 219 14
525 179 835 221 VALERIUS
876 181 1180 221 MAXIMUS.

163 302 272 362 Quo
301 301 405 349 viso
434 302 679 350 excitatus
707 303 938 366 prosiluit
964 303 1336 367 tabernamque,
1365 305 1416 352 in
1448 321 1545 368 qua
1575 305 1616 353 is

94 383 464 442 deversabatur,
508 392 675 447 potere
715 391 923 433 conatus
961 392 1049 434 est.

164 465 410 514 Pestifero
448 465 630 514 deinde
668 467 771 514 fato
804 467 908 515 eius
947 467 1364 516 humanissimum
1399 469 1616 532 proposi-

94 554 203 596 tum
241 554 498 611 tamquam
542 565 903 612 supervacuum
946 549 1207 598 damnavit
1249 556 1300 598 et
1342 550 1525 600 lectum
1563 568 1617 600 ac

94 646 325 678 somnum
362 630 575 693 repetiit.

162 713 302 761 Tunc
323 711 454 760 idem
479 712 522 761 ei
544 713 736 761 saucius
758 712 956 762 oblatus
976 714 1267 773 obsecravit,
1288 720 1358 773 ut,
1382 715 1617 778 quoniam

94 795 227 844 vitae
278 811 394 843 suae
444 794 690 842 auxilium
739 795 866 844 ferre
916 795 1234 860 neglexisset,
1285 797 1393 846 neci
1442 796 1619 845 saltem

95 876 337 925 ultionem
369 893 469 925 non
501 882 739 941 negaret:
790 895 968 942 corpus
999 877 1133 926 enim
1163 895 1309 927 suum
1340 896 1368 926 a
1398 895 1619 942 caupone

94 958 403 1007 trucidatum
440 966 548 1007 tum
586 959 803 1008 maxime
841 959 1066 1022 plaustro
1103 960 1221 1008 ferri
1260 959 1322 1008 ad
1360 965 1568 1024 portam.

162 1041 287 1089 Tam
338 1041 685 1089 constantibus
736 1041 992 1089 familiaris
1047 1042 1278 1105 precibus
1338 1041 1615 1105 conpulsus,

98 1124 328 1188 protinus
372 1123 434 1171 ad
478 1130 673 1187 portam
718 1124 937 1171 cucurrit
975 1130 1025 1172 et
1061 1123 1355 1187 plaustrum,
1397 1123 1531 1187 quod
1567 1123 1619 1171 in

95 1207 262 1270 quiete
285 1205 683 1254 demonstratum
703 1211 823 1264 erat,
845 1205 1226 1270 comprehendit
1246 1222 1619 1270 cauponemque

95 1288 157 1336 ad
184 1288 393 1351 capitale
421 1288 720 1351 supplicium
747 1287 996 1351 perduxit„

502 1517 587 1566 IV.
662 1516 754 1564 DE
803 1515 1209 1565 MIRACULIS.

387 1627 564 1677 “Swift,
596 1627 722 1677 sivest,
758 1627 821 1666 the
855 1626 985 1666 Great
1024 1627 1143 1666 Twz'n
1174 1627 1385 1667 Brethren

427 1695 555 1736 Came
586 1695 791 1747 spnrrz'ns]
811 1696 935 1747 from
966 1696 1032 1736 the
1062 1695 1215 1735 Est-383⁹

805 1765 1035 1812 Macaulay,
1067 1765 1173 1811 Lays
1201 1765 1244 1801 of
1271 1765 1449 1802 Ancient
1476 1765 1616 1802 Rome.

167 1857 331 1905 Multa
381 1857 532 1904 etiam
581 1856 804 1905 interdiu
854 1864 905 1904 et
953 1856 1281 1920 vigilantibus
1334 1855 1623 1905 acciderunt

98 1939 305 2003 perinde
366 1956 419 1987 ac
480 1939 799 1987 tenebrarum
867 1938 1126 2002 somnique
1186 1939 1319 1986 nube
1378 1938 1618 1987 involuta.

99 2021 237 2082 Quae
281 2021 398 2084 quia
446 2021 579 2069 unde
627 2021 945 2069 manaverint
994 2026 1083 2069 aut
1124 2037 1225 2084 qua
1271 2020 1465 2069 ratione
1513 2037 1623 2068 con-

99 2103 325 2151 stiterint
386 2102 642 2150 dinoscere
709 2102 923 2150 arduum
992 2108 1079 2162 est,
1145 2102 1325 2150 merito
1385 2101 1624 2150 miracula

99 2191 354 2234 vocentur.
431 2184 655 2243 Quorum
700 2200 725 2231 e
763 2200 944 2248 magno
983 2200 1158 2232 acervo
1195 2184 1245 2231 in
1285 2183 1461 2247 primis
1496 2182 1623 2231 illud

99 2267 325 2316 occurrit.

167 2348 294 2397 Cum
329 2348 462 2412 apud
497 2348 657 2396 lacum
696 2347 948 2411 Regillum
982 2348 1041 2396 A.
1083 2347 1373 2396 Postumius
1406 2346 1624 2395 dictator

100 2438 150 2478 et
198 2430 594 2478 Tusculanorum
655 2429 759 2477 dux
819 2429 1077 2478 Mamilius
1131 2429 1370 2477 Octavius
1429 2429 1623 2492 magnis

99 2511 290 2560 viribus
338 2512 471 2560 inter
530 2528 580 2560 se
629 2517 981 2561 concurrerent
1034 2528 1089 2559 ac
1137 2518 1316 2559 neutra
1364 2511 1492 2559 acies
1540 2510 1623 2559 ali-
