1811 2828
172 182 219 219 18
594 180 904 221 VALERIUS
946 181 1249 223 MAXIMUS.

251 306 333 341 28.
445 301 565 342 “All
593 302 833 343 ”aencoroz'cled
863 303 899 342 τῖε
929 303 994 343 the
1024 304 1148 343 (loom
1177 303 1229 354 of
1251 303 1458 356 destiny.''

1227 373 1406 410 Richard
1434 374 1526 419 ΙΙΙ.,
1559 373 1610 412 ἰν.
1642 375 1677 412 4.

237 472 426 521 Eodem
452 473 649 521 oraculo
676 473 1009 522 Macedonum
1042 490 1131 522 rex
1165 473 1428 538 Philippus
1462 473 1683 522 admoni-

170 560 248 602 tus
279 560 335 601 ut
361 571 388 602 a
413 554 682 618 quadrigae
708 554 947 603 violentia
978 554 1187 603 salutem
1219 572 1360 603 suam
1391 555 1679 615 custodiret,

169 642 275 683 toto
313 652 466 698 regno
504 635 721 700 disiungi
759 652 929 684 currus
963 636 1110 684 iussit
1143 653 1357 700 eumque
1390 636 1566 696 locum,
1595 638 1681 701 qui

167 718 219 765 in
247 718 454 766 Boeotia
480 717 732 781 Quadriga
756 724 976 778 vocatur,
1006 735 1200 782 semper
1224 719 1418 767 vitavit.

236 799 340 848 Nec
394 808 563 848 tamen
614 799 967 848 denuntiatum
1017 799 1224 863 periculi
1273 816 1429 864 genus
1480 800 1680 863 effugit:

169 899 282 930 nam
331 882 603 930 Pausanias
652 882 703 929 in
752 882 927 945 capulo
974 881 1140 947 gladii,
1187 898 1286 946 quo
1329 898 1443 931 eum
1486 882 1679 942 occidit,

168 964 461 1028 quadrigam
497 964 674 1012 habuit
711 963 962 1012 caelatam.

236 1046 373 1106 Quae
400 1052 501 1094 tam
527 1046 760 1109 pertinax
786 1046 1050 1094 necessitas
1077 1045 1167 1093 fati
1193 1046 1245 1094 in
1271 1045 1372 1094 filio
1392 1045 1681 1094 Alexandro

168 1128 438 1177 consimilis
487 1128 748 1192 adparuit;
810 1127 1057 1191 siquidem
1107 1127 1341 1176 Callanus
1390 1127 1547 1175 Indus
1595 1144 1683 1176 sua

169 1216 345 1274 sponte
376 1227 426 1259 se
459 1210 652 1259 ardenti
683 1226 803 1273 rogo
834 1209 1213 1274 superiecturus,
1242 1209 1589 1273 interpellatus
1619 1210 1681 1258 ab

169 1309 226 1341 eo
262 1292 438 1356 ecquid
472 1300 558 1340 aut
592 1291 853 1340 mandaret
886 1299 973 1340 aut
1006 1291 1168 1340 dicere
1194 1291 1359 1350 vellet,
1393 1291 1569 1340 ‘Brevi
1602 1291 1682 1351 te,'

169 1375 347 1438 inquit,
381 1374 619 1422 ‘videbo'

236 1456 340 1504 Nec
382 1455 434 1504 id
477 1455 584 1504 sine
628 1472 784 1513 causa,
825 1455 942 1518 quia
983 1454 1325 1503 voluntarium
1373 1455 1477 1503 eius
1517 1471 1542 1502 e
1579 1455 1684 1503 vita

169 1555 424 1587 excessum
460 1537 636 1601 rapida
673 1554 804 1585 mors
840 1536 1118 1586 Alexandri
1157 1537 1421 1585 subsecuta
1456 1542 1541 1584 est.

389 1801 449 1850 V.
523 1801 616 1849 DE
665 1799 1058 1849 INSTITUTIS
1108 1799 1457 1860 ANTIQUIS.

253 1933 333 1967 29.
383 1927 545 1967 “What
577 1933 733 1966 custom
764 1926 882 1974 wz'lls,
917 1926 962 1965 in
992 1925 1052 1965 all
1082 1924 1220 1976 things
1249 1925 1400 1964 should
1430 1936 1486 1963 we
1520 1923 1650 1963 ‹lo’c.''

1288 1992 1543 2036 Coriolanus,
1571 1991 1610 2029 ii.
1644 1992 1677 2029 3.

238 2101 391 2165 Apud
423 2101 653 2164 antiquos
683 2117 784 2148 non
815 2100 973 2148 solum
1000 2099 1208 2162 publice,
1238 2098 1324 2146 sed
1351 2098 1500 2146 etiam
1525 2098 1682 2162 priva-

170 2184 261 2232 tim
286 2183 412 2232 nihil
439 2184 705 2247 gerebatur
730 2182 824 2229 nisi
851 2181 1069 2244 auspicio
1095 2180 1232 2244 prius
1259 2185 1468 2243 sumpto.
1515 2207 1519 2210 ·

239 2265 348 2325 Quo
391 2282 454 2313 ex
495 2281 630 2313 more
673 2263 863 2327 nuptiis
906 2263 1055 2311 etiam
1099 2278 1231 2309 nunc
1275 2261 1496 2325 auspices
1534 2260 1683 2308 inter-

170 2353 438 2412 ponuntur,
469 2347 555 2410 qui
585 2346 812 2409 quamvis
843 2344 1061 2408 auspicia
1089 2349 1258 2407 petere
1288 2342 1542 2400 desierint,
1576 2342 1682 2405 ipso

170 2437 338 2478 tamen
381 2428 580 2476 nomine
618 2427 800 2475 veteris
844 2425 1217 2478 consuetudinis
1266 2424 1477 2488 vestigia
1512 2440 1681 2486 usurp-

172 2519 331 2565 antur.
