1907 2828
691 173 771 215 DE
815 173 1133 215 PRODIGIIS.
1656 176 1680 218 7

221 293 426 346 Pullum
474 296 519 345 ei
569 295 816 345 traditum
866 303 942 345 est
992 296 1421 361 paludamentum,
1467 313 1579 344 cum
1630 297 1678 344 in

151 378 393 443 proelium
455 379 758 428 exeuntibus
824 378 993 428 album
1053 385 1140 427 aut
1206 395 1510 443 purpureum
1572 378 1678 426 dari

149 460 339 512 soleat..

217 543 402 593 Maesti
445 550 496 593 et
532 543 672 592 taciti
713 542 898 592 milites
934 542 997 592 ad
1038 543 1283 607 principia
1321 549 1677 600 convenerunt,

149 625 235 690 qui
284 633 454 676 vetere
503 626 742 675 instituto
791 642 904 675 cum
954 625 1168 675 clamore
1217 625 1365 674 alacri
1419 624 1679 674 adcurrere

147 707 414 758 debebant.

215 790 516 855 Aquilamm
551 790 706 839 altera
740 791 826 839 vix
853 790 1065 840 convelli
1101 808 1129 839 a
1164 790 1326 854 primo
1361 789 1462 854 pilo
1497 790 1676 855 potuit,

147 872 306 923 altera
337 874 610 939 aegerrime
646 881 874 923 extracta
911 873 963 921 in
999 873 1300 922 contrariam
1337 890 1392 921 ac
1427 872 1680 921 ferebatur

147 962 343 1020 partem
368 972 419 1006 se
446 956 554 1021 ipsa
578 956 843 1005 convertit.

215 1037 404 1103 Magna
449 1037 570 1088 haec
618 1038 860 1104 prodigia,
907 1037 994 1087 sed
1043 1037 1158 1086 illae
1207 1036 1371 1086 clades
1420 1036 1679 1101 aliquanto

147 1120 371 1181 maiores,
402 1127 482 1170 tot
514 1121 967 1186 pulcherrimarum
1005 1120 1259 1183 legionum
1295 1120 1544 1180 interitus,
1575 1128 1677 1169 tam

148 1201 310 1252 multa
350 1202 494 1268 signa
542 1203 810 1252 hostilibus
859 1203 1142 1267 intercepta
1184 1202 1430 1260 manibus,
1478 1209 1677 1252 tantum

147 1284 405 1335 Romanae
443 1285 653 1335 militiae
693 1285 844 1334 decus
886 1285 1212 1334 barbarorum
1253 1285 1499 1333 obtritum
1543 1285 1678 1350 equi-

147 1373 270 1427 tatu,
323 1367 542 1432 optimae
591 1367 774 1417 indolis
835 1367 923 1416 filii
984 1384 1158 1416 cruore
1208 1368 1403 1431 paterni
1465 1369 1678 1432 respersi

146 1449 290 1510 oculi,
319 1466 497 1515 corpus
522 1450 840 1515 imperatoris
873 1451 1007 1498 inter
1041 1449 1346 1513 promiscuas
1377 1449 1674 1499 cadaverum

146 1537 310 1582 strues
335 1533 505 1582 avium
531 1532 851 1597 ferarumque
876 1531 1150 1581 laniatibus
1177 1531 1443 1580 obiectum.

214 1613 297 1664 Sic
361 1614 570 1664 deorum
641 1615 796 1680 spreti
868 1615 1091 1663 monitus
1159 1613 1544 1671 excandescunt,
1609 1615 1675 1662 sic

147 1694 367 1745 humana
403 1697 610 1746 consilia
642 1696 968 1762 castigantur,
997 1697 1081 1746 ubi
1123 1713 1174 1746 se
1209 1696 1505 1745 caelestibus
1541 1713 1677 1760 prae-

148 1777 330 1827 ferunt.

234 1974 311 2010 12.
406 1970 544 2011 “Our
574 1970 679 2010 willa
708 1970 798 2009 and
817 1971 938 2021 sales
968 1969 1022 2009 «lo
1054 1983 1097 2009 2-*0
1127 1976 1331 2019 contrary
1363 1982 1442 2008 run

457 2039 566 2079 Thac
597 2053 677 2078 our
705 2038 866 2079 device&
896 2039 982 2078 still
1011 2052 1085 2077 nra
1117 2038 1420 2078 01·e7·ll11·011·u.‘⁷

1338 2106 1519 2150 Harnlet,
1552 2107 1604 2143 iii.
1639 2107 1673 2143 2.

217 2182 307 2233 Cn.
338 2183 632 2249 Pompeium
662 2185 891 2249 Iuppiter
924 2185 1242 2248 onmipotens
1278 2183 1476 2232 abunde
1509 2200 1679 2232 monu-

148 2271 257 2315 erat
316 2282 378 2314 ne
426 2282 538 2315 cum
589 2266 643 2315 C.
696 2266 906 2316 Caesare
956 2266 1184 2315 ultimam
1247 2266 1362 2314 belli
1425 2267 1676 2314 fortunam

148 2347 368 2412 experiri
417 2348 760 2407 contenderet,
813 2364 1012 2412 egresso
1061 2366 1088 2397 a
1137 2349 1421 2411 Dyrrachio
1470 2348 1677 2397 adversa

147 2429 337 2496 agmini
370 2429 479 2479 eius
511 2429 723 2479 fulmina
756 2430 954 2490 iaciens,
982 2431 1298 2480 examinibus
1332 2432 1500 2495 apium
1538 2431 1678 2493 signa

147 2512 474 2572 obscurando,
504 2513 671 2562 subita
704 2514 910 2563 tristitia
946 2513 1198 2578 inplicatis
1229 2513 1443 2561 militum
1480 2513 1673 2570 animis,
