1811 2828
165 162 215 199 :38
590 153 897 193 VALERIUS
939 153 1241 193 MAXIMUS.

164 279 637 335 animadverterunt,
668 274 882 322 dimissis
913 274 1159 322 militibus
1188 274 1492 338 abiectisque
1525 275 1675 323 armis

162 363 338 410 ianuae
385 359 791 422 adpropinquant
838 363 887 405 et
934 356 1066 404 clara
1112 373 1232 405 voce
1283 356 1523 404 nuntiant
1579 356 1677 405 Sci-

162 442 300 507 pioni
336 458 434 489 non
472 440 605 487 vitae
636 439 739 487 eius
777 438 957 497 hostes,
993 437 1079 487 sed
1110 438 1312 486 virtutis
1349 437 1675 486 admiratores

162 525 368 582 venisse,
409 527 727 584 conspectum
771 526 820 568 et
862 537 1181 584 congressum
1226 520 1356 568 tanti
1398 519 1491 568 viri
1535 520 1676 583 quasi

162 606 368 656 caeleste
440 602 642 667 aliquod
712 597 1006 651 beneficium
1073 608 1396 666 expetentes:
1466 601 1676 666 proinde

161 705 385 738 securum
417 703 466 735 se
497 684 824 749 spectandum
854 684 1091 748 praebere
1121 701 1182 733 ne
1216 690 1464 749 gravetur.
1541 683 1677 732 Haec

160 777 425 834 postquam
451 766 711 815 domestici
738 766 957 830 Scipioni
979 766 1299 826 rettulerunt,
1323 766 1452 814 fores
1471 766 1676 814 reserari

161 869 339 916 eosque
364 848 634 898 intromitti
660 849 816 896 iussit.
892 848 988 909 Qui
1021 854 1187 912 postes
1217 848 1394 896 ianuae
1420 854 1676 912 tamquam

160 934 378 998 aliquam
418 931 842 996 religiosissimam
887 947 1025 979 aram
1069 938 1395 994 sanctumque
1433 929 1676 993 templum

159 1014 382 1065 venerati
419 1012 595 1078 cupide
634 1012 878 1077 Scipionis
917 1012 1176 1061 dexteram
1221 1012 1673 1077 adprehenderunt,

159 1114 212 1147 ac
249 1097 336 1146 diu
372 1095 595 1155 osculati,
636 1094 812 1159 positis
851 1101 967 1143 ante
1006 1094 1311 1143 vestibulum
1349 1093 1508 1153 donis,
1551 1110 1676 1157 quae

159 1179 366 1228 deorum
401 1177 762 1226 immortalium
799 1175 993 1224 numini
1031 1175 1306 1224 consecrari
1343 1175 1517 1235 solent,
1557 1174 1676 1223 laeti

159 1261 293 1325 quod
336 1259 619 1324 Scipionem
661 1258 846 1307 vidisse
890 1258 1192 1322 contigisset,
1240 1256 1304 1305 ad
1345 1263 1476 1304 rates
1518 1273 1677 1304 rever-

160 1349 343 1392 terunt.
419 1341 552 1402 Quid
594 1341 686 1389 hoc
729 1340 895 1388 fructu
938 1339 1211 1387 maiestatis
1254 1338 1507 1398 excelsius,
1554 1337 1675 1401 quid

160 1426 311 1474 etiam
346 1423 640 1472 iucundius?
711 1422 888 1471 Hostis
931 1422 1056 1470 iram
1099 1421 1428 1469 admiratione
1465 1420 1541 1468 sui
1577 1419 1677 1483 pla-

159 1508 303 1567 cavit,
334 1505 614 1570 spectaculo
736 1505 953 1553 esentiae
983 1520 1100 1552 suae
1130 1503 1381 1552 latronum
1407 1502 1676 1566 gestientes

159 1589 324 1638 oculos
351 1588 492 1637 vidit.

241 1760 321 1794 50.
436 1757 463 1774 ‘⁶
486 1753 570 1793 The
600 1753 801 1803 heavenly
830 1752 1011 1791 rhetoric
1041 1750 1093 1802 of
1115 1750 1228 1790 {hinc
1258 1749 1372 1802 eye.”

1027 1818 1166 1857 Love’s
1194 1817 1385 1856 Labour's
1413 1819 1520 1864 Lost,
1553 1819 1604 1855 iv,
1636 1817 1671 1855 3.

226 1910 292 1958 Et
321 1910 441 1958 haec
471 1908 670 1973 quidem
700 1908 816 1955 vivo
847 1905 1082 1970 Scipioni,
1111 1905 1238 1954 illud
1264 1910 1431 1952 autem
1456 1902 1676 1951 Aemilio

158 1992 313 2040 Paulo
362 1990 582 2040 exanimi
628 1988 872 2053 contigit:
931 2005 1050 2036 nam
1097 2004 1209 2035 cum
1257 1985 1521 2048 exsequiae
1569 1985 1676 2033 eius

158 2074 528 2122 celebrarentur
584 2089 641 2122 ac
692 2072 822 2120 forte
875 2076 995 2118 tunc
1050 2069 1296 2133 principes
1349 2066 1675 2116 Macedoniae

158 2155 422 2221 legationis
462 2154 665 2203 nomine
706 2153 896 2202 Romae
937 2156 1265 2210 morarentur,
1306 2148 1503 2197 funebri
1544 2147 1675 2197 lecto

158 2243 335 2303 sponte
372 2254 461 2287 sua
495 2253 602 2285 sese
637 2235 970 2284 subiecerunt.
1043 2231 1190 2293 Quod
1223 2231 1481 2294 aliquanto
1512 2229 1676 2278 maius

160 2321 426 2381 videbitur,
456 2320 496 2367 si
529 2319 616 2383 qui
648 2323 912 2382 cognoscat
944 2316 1061 2364 lecti
1095 2315 1229 2362 illius
1262 2314 1480 2362 frontem
1512 2312 1676 2360 Mace-

162 2403 348 2453 donicis
406 2400 676 2466 triumphis
736 2399 888 2447 fuisse
947 2397 1255 2445 adornatam.
1346 2393 1494 2455 Quod
1542 2409 1675 2456 spec-

162 2485 378 2534 taculum
412 2483 576 2532 funeri
612 2482 827 2546 speciem
862 2480 1068 2528 alterius
1103 2476 1348 2540 triumphi
1385 2475 1580 2524 adiecit.
