<?xml version="1.0" encoding="UTF-8"?>
<!DOCTYPE html PUBLIC "-//W3C//DTD XHTML 1.0 Transitional//EN"
    "http://www.w3.org/TR/xhtml1/DTD/xhtml1-transitional.dtd">
<html xmlns="http://www.w3.org/1999/xhtml" xml:lang="en" lang="en">
 <head>
  <title>
</title>
<meta http-equiv="Content-Type" content="text/html;charset=utf-8" />
  <meta name='ocr-system' content='tesseract 3.04.00' />
  <meta name='ocr-capabilities' content='ocr_page ocr_carea ocr_par ocr_line ocrx_word'/>
</head>
<body>
  <div class='ocr_page' id='page_1' title='image "./selectionsfroman00valeuoft_0027.png"; bbox 0 0 1907 2828; ppageno 0'>
   <div class='ocr_carea' id='block_1_1' title="bbox 748 178 1691 220">
    <p class='ocr_par' dir='ltr' id='par_1_1' title="bbox 748 178 1691 220">
     <span class='ocr_line' id='line_1_1' title="bbox 748 178 1691 220; baseline -0.002 -1"><span class='ocrx_word' id='word_1_1' title='bbox 748 178 825 219; x_wconf 86' lang='lat' dir='ltr'>DE</span> <span class='ocrx_word' id='word_1_2' title='bbox 865 178 1127 220; x_wconf 73' lang='lat' dir='ltr'>SOMNIIS.</span> <span class='ocrx_word' id='word_1_3' title='bbox 1651 179 1691 217; x_wconf 82' lang='lat' dir='ltr'>ll</span> 
     </span>
    </p>
   </div>
   <div class='ocr_carea' id='block_1_2' title="bbox 174 299 1697 529">
    <p class='ocr_par' dir='ltr' id='par_1_2' title="bbox 174 299 1697 529">
     <span class='ocr_line' id='line_1_2' title="bbox 175 299 1697 366; baseline -0.001 -15"><span class='ocrx_word' id='word_1_4' title='bbox 175 301 509 366; x_wconf 88' lang='lat' dir='ltr'>convenitque</span> <span class='ocrx_word' id='word_1_5' title='bbox 568 301 702 350; x_wconf 88' lang='lat' dir='ltr'>inter</span> <span class='ocrx_word' id='word_1_6' title='bbox 749 317 846 361; x_wconf 66' lang='lat' dir='ltr'>(soe,</span> <span class='ocrx_word' id='word_1_7' title='bbox 898 301 1036 350; x_wconf 90' lang='lat' dir='ltr'>cuius</span> <span class='ocrx_word' id='word_1_8' title='bbox 1085 317 1234 349; x_wconf 85' lang='lat' dir='ltr'>cornu</span> <span class='ocrx_word' id='word_1_9' title='bbox 1288 300 1424 364; x_wconf 82' lang='lat' dir='ltr'>prius</span> <span class='ocrx_word' id='word_1_10' title='bbox 1473 299 1697 349; x_wconf 87' lang='lat' dir='ltr'>laborare</span> 
     </span>
     <span class='ocr_line' id='line_1_3' title="bbox 174 382 1507 449; baseline -0.003 -15"><span class='ocrx_word' id='word_1_11' title='bbox 174 383 432 449; x_wconf 79' lang='lat' dir='ltr'>coepisset,</span> <span class='ocrx_word' id='word_1_12' title='bbox 470 390 528 432; x_wconf 90' lang='lat' dir='ltr'>ut</span> <span class='ocrx_word' id='word_1_13' title='bbox 564 383 605 432; x_wconf 87' lang='lat' dir='ltr'>is</span> <span class='ocrx_word' id='word_1_14' title='bbox 642 382 805 447; x_wconf 81' lang='lat' dir='ltr'>capite</span> <span class='ocrx_word' id='word_1_15' title='bbox 843 399 931 432; x_wconf 88' lang='lat' dir='ltr'>suo</span> <span class='ocrx_word' id='word_1_16' title='bbox 970 384 1072 432; x_wconf 87' lang='lat' dir='ltr'>fata</span> <span class='ocrx_word' id='word_1_17' title='bbox 1109 383 1298 446; x_wconf 82' lang='lat' dir='ltr'>patriae</span> <span class='ocrx_word' id='word_1_18' title='bbox 1337 382 1507 431; x_wconf 83' lang='lat' dir='ltr'>lueret.</span> 
     </span>
     <span class='ocr_line' id='line_1_4' title="bbox 242 464 1644 529; baseline -0.002 -14"><span class='ocrx_word' id='word_1_19' title='bbox 242 464 380 528; x_wconf 77' lang='lat' dir='ltr'>Quae</span> <span class='ocrx_word' id='word_1_20' title='bbox 405 473 585 515; x_wconf 90' lang='lat' dir='ltr'>neutro</span> <span class='ocrx_word' id='word_1_21' title='bbox 610 465 968 515; x_wconf 81' lang='lat' dir='ltr'>reformidante</span> <span class='ocrx_word' id='word_1_22' title='bbox 997 465 1205 514; x_wconf 81' lang='lat' dir='ltr'>Decium</span> <span class='ocrx_word' id='word_1_23' title='bbox 1233 464 1644 529; x_wconf 75' lang='lat' dir='ltr'><strong>depoposcerunt.</strong></span> 
     </span>
    </p>
   </div>
   <div class='ocr_carea' id='block_1_3' title="bbox 173 629 1700 1742">
    <p class='ocr_par' dir='ltr' id='par_1_3' title="bbox 260 629 1696 744">
     <span class='ocr_line' id='line_1_5' title="bbox 260 629 1675 682; baseline -0.001 -11"><span class='ocrx_word' id='word_1_24' title='bbox 260 637 336 672; x_wconf 74' lang='lat'>1⁷.</span> <span class='ocrx_word' id='word_1_25' title='bbox 375 631 548 673; x_wconf 71' lang='lat' dir='ltr'>“When</span> <span class='ocrx_word' id='word_1_26' title='bbox 578 631 676 673; x_wconf 77' lang='lat' dir='ltr'>time</span> <span class='ocrx_word' id='word_1_27' title='bbox 706 631 817 671; x_wconf 69' lang='lat' dir='ltr'>shall</span> <span class='ocrx_word' id='word_1_28' title='bbox 847 631 929 671; x_wconf 80' lang='lat' dir='ltr'>call</span> <span class='ocrx_word' id='word_1_29' title='bbox 959 631 1047 671; x_wconf 72' lang='lat' dir='ltr'>him</span> <span class='ocrx_word' id='word_1_30' title='bbox 1078 631 1194 671; x_wconf 80' lang='lat' dir='ltr'>home</span> <span class='ocrx_word' id='word_1_31' title='bbox 1215 630 1338 682; x_wconf 74' lang='lat' dir='ltr'>from</span> <span class='ocrx_word' id='word_1_32' title='bbox 1370 629 1675 669; x_wconf 61' lang='lat' dir='ltr'>l›a⁷11·.«hmene.”</span> 
     </span>
     <span class='ocr_line' id='line_1_6' title="bbox 1296 698 1696 744; baseline -0.005 -8"><span class='ocrx_word' id='word_1_33' title='bbox 1296 698 1472 736; x_wconf 79' lang='lat' dir='ltr'>Richard</span> <span class='ocrx_word' id='word_1_34' title='bbox 1501 699 1575 744; x_wconf 90' lang='lat'>11.‚</span> <span class='ocrx_word' id='word_1_35' title='bbox 1604 698 1628 736; x_wconf 90' lang='lat' dir='ltr'>i.</span> <span class='ocrx_word' id='word_1_36' title='bbox 1660 699 1696 735; x_wconf 77' lang='lat'>4.</span> 
     </span>
    </p>

    <p class='ocr_par' dir='ltr' id='par_1_4' title="bbox 173 789 1700 1251">
     <span class='ocr_line' id='line_1_7' title="bbox 243 789 1695 856; baseline -0.003 -14"><span class='ocrx_word' id='word_1_37' title='bbox 243 792 567 842; x_wconf 88' lang='lat' dir='ltr'>Inimicorum</span> <span class='ocrx_word' id='word_1_38' title='bbox 610 791 978 856; x_wconf 77' lang='lat' dir='ltr'>conspiratione</span> <span class='ocrx_word' id='word_1_39' title='bbox 1023 792 1143 839; x_wconf 86' lang='lat' dir='ltr'>urhe</span> <span class='ocrx_word' id='word_1_40' title='bbox 1189 790 1361 855; x_wconf 84' lang='lat' dir='ltr'>pulsus</span> <span class='ocrx_word' id='word_1_41' title='bbox 1400 790 1467 838; x_wconf 82' lang='lat' dir='ltr'>M.</span> <span class='ocrx_word' id='word_1_42' title='bbox 1508 789 1695 850; x_wconf 90' lang='lat' dir='ltr'>Cicero,</span> 
     </span>
     <span class='ocr_line' id='line_1_8' title="bbox 173 871 1697 939; baseline -0.002 -16"><span class='ocrx_word' id='word_1_43' title='bbox 173 890 285 924; x_wconf 85' lang='lat' dir='ltr'>cum</span> <span class='ocrx_word' id='word_1_44' title='bbox 329 874 380 923; x_wconf 90' lang='lat' dir='ltr'>in</span> <span class='ocrx_word' id='word_1_45' title='bbox 424 873 544 922; x_wconf 84' lang='lat' dir='ltr'>villa</span> <span class='ocrx_word' id='word_1_46' title='bbox 591 873 807 939; x_wconf 87' lang='lat' dir='ltr'>quadam</span> <span class='ocrx_word' id='word_1_47' title='bbox 856 874 1016 938; x_wconf 85' lang='lat' dir='ltr'>campi</span> <span class='ocrx_word' id='word_1_48' title='bbox 1067 873 1290 921; x_wconf 82' lang='lat' dir='ltr'>Atinatis</span> <span class='ocrx_word' id='word_1_49' title='bbox 1333 871 1697 935; x_wconf 64' lang='lat' dir='ltr'>devmsaretur,</span> 
     </span>
     <span class='ocr_line' id='line_1_9' title="bbox 173 954 1700 1019; baseline -0.002 -15"><span class='ocrx_word' id='word_1_50' title='bbox 173 956 341 1005; x_wconf 83' lang='lat' dir='ltr'>animo</span> <span class='ocrx_word' id='word_1_51' title='bbox 374 955 426 1004; x_wconf 91' lang='lat' dir='ltr'>in</span> <span class='ocrx_word' id='word_1_52' title='bbox 462 972 692 1004; x_wconf 89' lang='lat' dir='ltr'>somnum</span> <span class='ocrx_word' id='word_1_53' title='bbox 728 956 930 1019; x_wconf 85' lang='lat' dir='ltr'>profuso</span> <span class='ocrx_word' id='word_1_54' title='bbox 967 972 1053 1019; x_wconf 90' lang='lat' dir='ltr'>per</span> <span class='ocrx_word' id='word_1_55' title='bbox 1087 955 1193 1003; x_wconf 87' lang='lat' dir='ltr'>loca</span> <span class='ocrx_word' id='word_1_56' title='bbox 1226 954 1423 1003; x_wconf 88' lang='lat' dir='ltr'>deserta</span> <span class='ocrx_word' id='word_1_57' title='bbox 1456 963 1506 1002; x_wconf 81' lang='lat' dir='ltr'>et</span> <span class='ocrx_word' id='word_1_58' title='bbox 1541 954 1700 1002; x_wconf 78' lang='lat' dir='ltr'>invias</span> 
     </span>
     <span class='ocr_line' id='line_1_10' title="bbox 173 1036 1695 1102; baseline -0.002 -16"><span class='ocrx_word' id='word_1_59' title='bbox 173 1036 400 1102; x_wconf 82' lang='lat' dir='ltr'>regiones</span> <span class='ocrx_word' id='word_1_60' title='bbox 452 1036 658 1102; x_wconf 80' lang='lat' dir='ltr'>vaganti</span> <span class='ocrx_word' id='word_1_61' title='bbox 713 1036 807 1086; x_wconf 82' lang='lat' dir='ltr'>sibi</span> <span class='ocrx_word' id='word_1_62' title='bbox 864 1037 916 1086; x_wconf 88' lang='lat' dir='ltr'>C.</span> <span class='ocrx_word' id='word_1_63' title='bbox 970 1037 1188 1085; x_wconf 84' lang='lat' dir='ltr'>Marium</span> <span class='ocrx_word' id='word_1_64' title='bbox 1243 1036 1441 1100; x_wconf 84' lang='lat' dir='ltr'>putavit</span> <span class='ocrx_word' id='word_1_65' title='bbox 1494 1036 1695 1084; x_wconf 82' lang='lat' dir='ltr'>obvium</span> 
     </span>
     <span class='ocr_line' id='line_1_11' title="bbox 173 1117 1696 1184; baseline -0.002 -16"><span class='ocrx_word' id='word_1_66' title='bbox 173 1119 377 1178; x_wconf 85' lang='lat' dir='ltr'>factum,</span> <span class='ocrx_word' id='word_1_67' title='bbox 405 1119 803 1184; x_wconf 83' lang='lat' dir='ltr'>interrogantem</span> <span class='ocrx_word' id='word_1_68' title='bbox 838 1135 951 1168; x_wconf 84' lang='lat' dir='ltr'>eum</span> <span class='ocrx_word' id='word_1_69' title='bbox 987 1119 1107 1183; x_wconf 82' lang='lat' dir='ltr'>quid</span> <span class='ocrx_word' id='word_1_70' title='bbox 1143 1119 1213 1167; x_wconf 88' lang='lat' dir='ltr'>ita</span> <span class='ocrx_word' id='word_1_71' title='bbox 1248 1126 1348 1167; x_wconf 89' lang='lat' dir='ltr'>tam</span> <span class='ocrx_word' id='word_1_72' title='bbox 1389 1118 1523 1167; x_wconf 83' lang='lat' dir='ltr'>tristi</span> <span class='ocrx_word' id='word_1_73' title='bbox 1555 1117 1696 1166; x_wconf 85' lang='lat' dir='ltr'>vultu</span> 
     </span>
     <span class='ocr_line' id='line_1_12' title="bbox 174 1201 826 1251; baseline -0.002 -1"><span class='ocrx_word' id='word_1_74' title='bbox 174 1201 367 1250; x_wconf 89' lang='lat' dir='ltr'>incerto</span> <span class='ocrx_word' id='word_1_75' title='bbox 392 1201 571 1251; x_wconf 88' lang='lat' dir='ltr'>itinere</span> <span class='ocrx_word' id='word_1_76' title='bbox 597 1202 826 1250; x_wconf 88' lang='lat' dir='ltr'>ferretur.</span> 
     </span>
    </p>

    <p class='ocr_par' dir='ltr' id='par_1_5' title="bbox 175 1282 1699 1592">
     <span class='ocr_line' id='line_1_13' title="bbox 242 1282 1698 1347; baseline -0.001 -15"><span class='ocrx_word' id='word_1_77' title='bbox 242 1282 436 1333; x_wconf 88' lang='lat' dir='ltr'>Audito</span> <span class='ocrx_word' id='word_1_78' title='bbox 484 1283 666 1333; x_wconf 89' lang='lat' dir='ltr'>deinde</span> <span class='ocrx_word' id='word_1_79' title='bbox 714 1300 844 1341; x_wconf 85' lang='lat' dir='ltr'>casu,</span> <span class='ocrx_word' id='word_1_80' title='bbox 895 1299 993 1347; x_wconf 86' lang='lat' dir='ltr'>quo</span> <span class='ocrx_word' id='word_1_81' title='bbox 1042 1282 1433 1342; x_wconf 85' lang='lat' dir='ltr'>conflictabatur,</span> <span class='ocrx_word' id='word_1_82' title='bbox 1486 1298 1698 1345; x_wconf 84' lang='lat' dir='ltr'>compre-</span> 
     </span>
     <span class='ocr_line' id='line_1_14' title="bbox 177 1363 1699 1428; baseline -0.001 -14"><span class='ocrx_word' id='word_1_83' title='bbox 177 1364 408 1415; x_wconf 80' lang='lat' dir='ltr'>hendisse</span> <span class='ocrx_word' id='word_1_84' title='bbox 473 1364 733 1415; x_wconf 80' lang='lat' dir='ltr'>dexteram</span> <span class='ocrx_word' id='word_1_85' title='bbox 787 1382 944 1425; x_wconf 84' lang='lat' dir='ltr'>suam,</span> <span class='ocrx_word' id='word_1_86' title='bbox 1012 1382 1065 1413; x_wconf 90' lang='lat' dir='ltr'>ac</span> <span class='ocrx_word' id='word_1_87' title='bbox 1126 1382 1176 1413; x_wconf 87' lang='lat' dir='ltr'>se</span> <span class='ocrx_word' id='word_1_88' title='bbox 1244 1365 1473 1428; x_wconf 85' lang='lat' dir='ltr'>proximo</span> <span class='ocrx_word' id='word_1_89' title='bbox 1539 1363 1699 1412; x_wconf 87' lang='lat' dir='ltr'>lictori</span> 
     </span>
     <span class='ocr_line' id='line_1_15' title="bbox 176 1445 1699 1512; baseline -0.001 -16"><span class='ocrx_word' id='word_1_90' title='bbox 176 1447 225 1496; x_wconf 90' lang='lat' dir='ltr'>in</span> <span class='ocrx_word' id='word_1_91' title='bbox 275 1453 659 1496; x_wconf 87' lang='lat' dir='ltr'>monumentum</span> <span class='ocrx_word' id='word_1_92' title='bbox 709 1447 864 1512; x_wconf 88' lang='lat' dir='ltr'>ipsius</span> <span class='ocrx_word' id='word_1_93' title='bbox 913 1446 1194 1496; x_wconf 85' lang='lat' dir='ltr'>ducendum</span> <span class='ocrx_word' id='word_1_94' title='bbox 1241 1446 1519 1504; x_wconf 80' lang='lat' dir='ltr'>tradidisse,</span> <span class='ocrx_word' id='word_1_95' title='bbox 1565 1445 1699 1510; x_wconf 83' lang='lat' dir='ltr'>quod</span> 
     </span>
     <span class='ocr_line' id='line_1_16' title="bbox 175 1527 1652 1592; baseline -0.001 -15"><span class='ocrx_word' id='word_1_96' title='bbox 175 1527 365 1578; x_wconf 86' lang='lat' dir='ltr'>diceret</span> <span class='ocrx_word' id='word_1_97' title='bbox 400 1527 471 1577; x_wconf 89' lang='lat' dir='ltr'>ibi</span> <span class='ocrx_word' id='word_1_98' title='bbox 509 1544 614 1578; x_wconf 82' lang='lat' dir='ltr'>esse</span> <span class='ocrx_word' id='word_1_99' title='bbox 651 1529 695 1578; x_wconf 90' lang='lat' dir='ltr'>ei</span> <span class='ocrx_word' id='word_1_100' title='bbox 733 1529 955 1578; x_wconf 87' lang='lat' dir='ltr'>laetioris</span> <span class='ocrx_word' id='word_1_101' title='bbox 993 1535 1156 1577; x_wconf 86' lang='lat' dir='ltr'>status</span> <span class='ocrx_word' id='word_1_102' title='bbox 1194 1545 1331 1592; x_wconf 87' lang='lat' dir='ltr'>spem</span> <span class='ocrx_word' id='word_1_103' title='bbox 1370 1529 1652 1592; x_wconf 87' lang='lat' dir='ltr'>repositam.</span> 
     </span>
    </p>

    <p class='ocr_par' dir='ltr' id='par_1_6' title="bbox 175 1609 1699 1742">
     <span class='ocr_line' id='line_1_17' title="bbox 242 1609 1699 1660; baseline -0.001 0"><span class='ocrx_word' id='word_1_104' title='bbox 242 1609 350 1660; x_wconf 87' lang='lat' dir='ltr'>Nec</span> <span class='ocrx_word' id='word_1_105' title='bbox 396 1609 546 1659; x_wconf 83' lang='lat' dir='ltr'>aliter</span> <span class='ocrx_word' id='word_1_106' title='bbox 593 1611 790 1660; x_wconf 88' lang='lat' dir='ltr'>evenit:</span> <span class='ocrx_word' id='word_1_107' title='bbox 853 1628 966 1659; x_wconf 89' lang='lat' dir='ltr'>nam</span> <span class='ocrx_word' id='word_1_108' title='bbox 1017 1611 1067 1658; x_wconf 89' lang='lat' dir='ltr'>in</span> <span class='ocrx_word' id='word_1_109' title='bbox 1118 1610 1239 1659; x_wconf 79' lang='lat' dir='ltr'>aede</span> <span class='ocrx_word' id='word_1_110' title='bbox 1291 1610 1424 1658; x_wconf 86' lang='lat' dir='ltr'>Iovis</span> <span class='ocrx_word' id='word_1_111' title='bbox 1474 1609 1699 1658; x_wconf 81' lang='lat' dir='ltr'>Mariana</span> 
     </span>
     <span class='ocr_line' id='line_1_18' title="bbox 175 1692 1492 1742; baseline -0.002 0"><span class='ocrx_word' id='word_1_112' title='bbox 175 1699 378 1742; x_wconf 82' lang='lat' dir='ltr'>senatus</span> <span class='ocrx_word' id='word_1_113' title='bbox 414 1692 695 1741; x_wconf 88' lang='lat' dir='ltr'>consultum</span> <span class='ocrx_word' id='word_1_114' title='bbox 734 1692 796 1742; x_wconf 84' lang='lat' dir='ltr'>‹le</span> <span class='ocrx_word' id='word_1_115' title='bbox 834 1692 1001 1741; x_wconf 89' lang='lat' dir='ltr'>reditu</span> <span class='ocrx_word' id='word_1_116' title='bbox 1039 1700 1115 1740; x_wconf 86' lang='lat' dir='ltr'>est</span> <span class='ocrx_word' id='word_1_117' title='bbox 1151 1693 1255 1741; x_wconf 84' lang='lat' dir='ltr'>eius</span> <span class='ocrx_word' id='word_1_118' title='bbox 1294 1693 1492 1740; x_wconf 82' lang='lat' dir='ltr'>factum.</span> 
     </span>
    </p>
   </div>
   <div class='ocr_carea' id='block_1_4' title="bbox 179 1857 1702 2568">
    <p class='ocr_par' dir='ltr' id='par_1_7' title="bbox 263 1857 1696 1972">
     <span class='ocr_line' id='line_1_19' title="bbox 263 1857 1440 1910; baseline -0.002 -12"><span class='ocrx_word' id='word_1_119' title='bbox 263 1864 342 1900; x_wconf 73' lang='lat'>18.</span> <span class='ocrx_word' id='word_1_120' title='bbox 409 1858 571 1899; x_wconf 82' lang='lat' dir='ltr'>“llere</span> <span class='ocrx_word' id='word_1_121' title='bbox 600 1872 687 1899; x_wconf 63' lang='lat' dir='ltr'>was</span> <span class='ocrx_word' id='word_1_122' title='bbox 717 1873 745 1898; x_wconf 85' lang='lat' dir='ltr'>a</span> <span class='ocrx_word' id='word_1_123' title='bbox 776 1859 899 1910; x_wconf 63' lang='grc' dir='ltr'><em>νομαί</em></span> <span class='ocrx_word' id='word_1_124' title='bbox 919 1858 1162 1909; x_wconf 64' lang='lat' dir='ltr'>sellom-‹hil›</span> <span class='ocrx_word' id='word_1_125' title='bbox 1193 1857 1246 1908; x_wconf 79' lang='lat' dir='ltr'>os</span> <span class='ocrx_word' id='word_1_126' title='bbox 1266 1857 1440 1896; x_wconf 50' lang='lat' dir='ltr'>elzashss&#39;</span> 
     </span>
     <span class='ocr_line' id='line_1_20' title="bbox 1308 1926 1696 1972; baseline -0.003 -9"><span class='ocrx_word' id='word_1_127' title='bbox 1308 1927 1448 1972; x_wconf 78' lang='lat' dir='ltr'>Henry</span> <span class='ocrx_word' id='word_1_128' title='bbox 1480 1926 1544 1966; x_wconf 72' lang='lat' dir='ltr'>V..</span> <span class='ocrx_word' id='word_1_129' title='bbox 1578 1926 1629 1963; x_wconf 79' lang='lat' dir='ltr'>iv.</span> <span class='ocrx_word' id='word_1_130' title='bbox 1662 1930 1696 1962; x_wconf 65' lang='lat'>8.</span> 
     </span>
    </p>

    <p class='ocr_par' dir='ltr' id='par_1_8' title="bbox 179 2015 1700 2395">
     <span class='ocr_line' id='line_1_21' title="bbox 246 2015 1693 2079; baseline -0.004 -10"><span class='ocrx_word' id='word_1_131' title='bbox 246 2017 300 2069; x_wconf 86' lang='lat' dir='ltr'>C.</span> <span class='ocrx_word' id='word_1_132' title='bbox 328 2025 498 2068; x_wconf 68' lang='lat' dir='ltr'>autem</span> <span class='ocrx_word' id='word_1_133' title='bbox 524 2018 749 2068; x_wconf 82' lang='lat' dir='ltr'>Graccho</span> <span class='ocrx_word' id='word_1_134' title='bbox 775 2018 1066 2067; x_wconf 83' lang='lat' dir='ltr'>inminentis</span> <span class='ocrx_word' id='word_1_135' title='bbox 1101 2034 1240 2065; x_wconf 80' lang='lat' dir='ltr'>casus</span> <span class='ocrx_word' id='word_1_136' title='bbox 1266 2015 1502 2064; x_wconf 67' lang='lat' dir='ltr'>atrocitas</span> <span class='ocrx_word' id='word_1_137' title='bbox 1533 2015 1693 2079; x_wconf 75' lang='lat' dir='ltr'>palam</span> 
     </span>
     <span class='ocr_line' id='line_1_22' title="bbox 179 2098 1698 2166; baseline -0.003 -16"><span class='ocrx_word' id='word_1_138' title='bbox 179 2107 330 2166; x_wconf 76' lang='lat' dir='ltr'>atque</span> <span class='ocrx_word' id='word_1_139' title='bbox 355 2107 527 2165; x_wconf 82' lang='lat' dir='ltr'>aperte</span> <span class='ocrx_word' id='word_1_140' title='bbox 552 2117 639 2165; x_wconf 89' lang='lat' dir='ltr'>per</span> <span class='ocrx_word' id='word_1_141' title='bbox 659 2100 878 2165; x_wconf 85' lang='lat' dir='ltr'>quietem</span> <span class='ocrx_word' id='word_1_142' title='bbox 900 2099 1198 2148; x_wconf 85' lang='lat' dir='ltr'>denuntiata</span> <span class='ocrx_word' id='word_1_143' title='bbox 1224 2107 1328 2146; x_wconf 85' lang='lat' dir='ltr'>est:</span> <span class='ocrx_word' id='word_1_144' title='bbox 1368 2115 1542 2146; x_wconf 86' lang='lat' dir='ltr'>somno</span> <span class='ocrx_word' id='word_1_145' title='bbox 1568 2098 1698 2146; x_wconf 85' lang='lat' dir='ltr'>enim</span> 
     </span>
     <span class='ocr_line' id='line_1_23' title="bbox 179 2178 1700 2248; baseline -0.004 -16"><span class='ocrx_word' id='word_1_146' title='bbox 179 2198 378 2248; x_wconf 77' lang='lat' dir='ltr'>pressus</span> <span class='ocrx_word' id='word_1_147' title='bbox 401 2181 574 2232; x_wconf 86' lang='lat' dir='ltr'>Tiberi</span> <span class='ocrx_word' id='word_1_148' title='bbox 603 2182 770 2231; x_wconf 82' lang='lat' dir='ltr'>fratris</span> <span class='ocrx_word' id='word_1_149' title='bbox 802 2183 1013 2247; x_wconf 75' lang='lat' dir='ltr'>effigiem</span> <span class='ocrx_word' id='word_1_150' title='bbox 1042 2181 1170 2229; x_wconf 82' lang='lat' dir='ltr'>vidit</span> <span class='ocrx_word' id='word_1_151' title='bbox 1196 2179 1408 2229; x_wconf 83' lang='lat' dir='ltr'>dicentis</span> <span class='ocrx_word' id='word_1_152' title='bbox 1435 2179 1527 2226; x_wconf 77' lang='lat' dir='ltr'>sibi</span> <span class='ocrx_word' id='word_1_153' title='bbox 1565 2178 1700 2226; x_wconf 85' lang='lat' dir='ltr'>nulla</span> 
     </span>
     <span class='ocr_line' id='line_1_24' title="bbox 179 2261 1700 2328; baseline -0.004 -15"><span class='ocrx_word' id='word_1_154' title='bbox 179 2264 372 2313; x_wconf 80' lang='lat' dir='ltr'>ratione</span> <span class='ocrx_word' id='word_1_155' title='bbox 405 2280 518 2313; x_wconf 89' lang='lat' dir='ltr'>eum</span> <span class='ocrx_word' id='word_1_156' title='bbox 545 2264 705 2313; x_wconf 84' lang='lat' dir='ltr'>vitare</span> <span class='ocrx_word' id='word_1_157' title='bbox 737 2281 878 2328; x_wconf 78' lang='lat' dir='ltr'>posse</span> <span class='ocrx_word' id='word_1_158' title='bbox 915 2281 975 2312; x_wconf 83' lang='lat' dir='ltr'>ne</span> <span class='ocrx_word' id='word_1_159' title='bbox 1009 2281 1066 2313; x_wconf 85' lang='lat' dir='ltr'>eo</span> <span class='ocrx_word' id='word_1_160' title='bbox 1101 2265 1204 2312; x_wconf 81' lang='lat' dir='ltr'>fato</span> <span class='ocrx_word' id='word_1_161' title='bbox 1240 2263 1437 2326; x_wconf 58' lang='lat' dir='ltr'>periret,</span> <span class='ocrx_word' id='word_1_162' title='bbox 1467 2278 1564 2325; x_wconf 80' lang='lat' dir='ltr'>qno</span> <span class='ocrx_word' id='word_1_163' title='bbox 1597 2261 1700 2324; x_wconf 81' lang='lat' dir='ltr'>ipse</span> 
     </span>
     <span class='ocr_line' id='line_1_25' title="bbox 179 2344 455 2395; baseline 0 0"><span class='ocrx_word' id='word_1_164' title='bbox 179 2344 455 2395; x_wconf 80' lang='lat' dir='ltr'>occidisset.</span> 
     </span>
    </p>

    <p class='ocr_par' dir='ltr' id='par_1_9' title="bbox 181 2425 1702 2568">
     <span class='ocr_line' id='line_1_26' title="bbox 249 2425 1702 2492; baseline -0.006 -15"><span class='ocrx_word' id='word_1_165' title='bbox 249 2426 309 2477; x_wconf 89' lang='lat' dir='ltr'>Id</span> <span class='ocrx_word' id='word_1_166' title='bbox 358 2444 422 2477; x_wconf 86' lang='lat' dir='ltr'>ex</span> <span class='ocrx_word' id='word_1_167' title='bbox 468 2427 694 2477; x_wconf 77' lang='lat' dir='ltr'>Graccho</span> <span class='ocrx_word' id='word_1_168' title='bbox 743 2428 880 2492; x_wconf 83' lang='lat' dir='ltr'>prius</span> <span class='ocrx_word' id='word_1_169' title='bbox 928 2444 1076 2491; x_wconf 78' lang='lat' dir='ltr'>quam</span> <span class='ocrx_word' id='word_1_170' title='bbox 1128 2427 1456 2482; x_wconf 79' lang='lat' dir='ltr'>tribunatum,</span> <span class='ocrx_word' id='word_1_171' title='bbox 1504 2425 1551 2471; x_wconf 85' lang='lat' dir='ltr'>in</span> <span class='ocrx_word' id='word_1_172' title='bbox 1603 2440 1702 2487; x_wconf 78' lang='lat' dir='ltr'>quo</span> 
     </span>
     <span class='ocr_line' id='line_1_27' title="bbox 181 2507 1623 2568; baseline -0.003 -9"><span class='ocrx_word' id='word_1_173' title='bbox 181 2509 457 2559; x_wconf 75' lang='lat' dir='ltr'>fraternum</span> <span class='ocrx_word' id='word_1_174' title='bbox 492 2510 686 2559; x_wconf 80' lang='lat' dir='ltr'>exitum</span> <span class='ocrx_word' id='word_1_175' title='bbox 726 2509 914 2568; x_wconf 83' lang='lat' dir='ltr'>habuit,</span> <span class='ocrx_word' id='word_1_176' title='bbox 956 2510 1118 2566; x_wconf 82' lang='lat' dir='ltr'>iniret,</span> <span class='ocrx_word' id='word_1_177' title='bbox 1160 2507 1304 2556; x_wconf 80' lang='lat' dir='ltr'>multi</span> <span class='ocrx_word' id='word_1_178' title='bbox 1343 2507 1623 2556; x_wconf 79' lang='lat' dir='ltr'>audierunt.</span> 
     </span>
    </p>
   </div>
  </div>
 </body>
</html>
