1811 2828
128 176 178 215 10
555 180 863 225 VALERIUS
904 183 1196 229 MAXIMUS

124 296 254 345 inter
309 316 359 347 se
415 302 663 351 exercitus
717 316 1089 368 concurrerunt,
1143 309 1404 360 Minervae
1455 313 1642 377 species

122 379 298 428 oborta
349 385 613 447 praecepit,
660 391 718 434 ut
760 387 902 436 illum
951 391 1093 454 gravi
1141 393 1315 442 morbo
1359 394 1641 459 inplicitum

119 471 359 524 moneret,
389 481 450 512 ne
490 473 695 529 propter
732 468 992 520 adversam
1030 472 1373 524 valetudinem
1410 477 1640 540 proximo

118 543 305 605 proelio
343 562 442 594 non
481 547 755 599 interesset.

186 625 332 685 Quod
384 644 497 676 eum
549 629 731 680 Caesar
781 633 1014 694 audisset,
1055 636 1229 686 lectica
1280 656 1330 688 se
1381 640 1433 688 in
1484 641 1636 690 aciem

116 705 296 756 deferri
333 709 487 759 iussit

182 789 286 838 Ubi
341 791 461 840 dum
517 810 665 858 supra
720 797 849 846 vires
905 800 1126 867 corporis
1174 818 1264 865 pro
1318 803 1638 868 adipiscenda

113 871 322 921 victoria
359 875 590 933 excubat,
630 884 792 926 castra
830 880 934 928 eius
972 899 1000 929 a
1036 882 1198 932 Bruto
1236 891 1380 948 capta
1417 896 1546 936 sunt.

180 953 313 1014 Quid
364 972 480 1021 ergo
531 957 667 1006 aliud
719 966 952 1023 putamus
1003 980 1153 1027 quam
1204 965 1377 1016 divino
1428 969 1634 1018 numine

110 1035 343 1085 effectum
384 1055 444 1087 ne
485 1039 793 1089 destinatum
831 1043 930 1091 iam
968 1044 1336 1096 immortalitati
1379 1057 1528 1113 caput
1564 1050 1634 1098 in-

110 1117 314 1181 dignam
346 1120 545 1170 caelesti
583 1123 763 1186 spiritu
797 1124 1027 1175 fortunae
1065 1127 1358 1178 violentiam
1395 1131 1632 1181 sentiret?

194 1289 268 1324 16.
829 1292 1066 1345 “Nomina
1098 1296 1140 1335 in
1170 1295 1235 1336 his
1264 1296 1338 1347 lzfe

491 1356 669 1397 Became
700 1359 788 1399 him
818 1359 898 1401 like
929 1362 994 1402 the
1023 1363 1189 1415 leaving]
1221 1365 1297 1405 it.'’

1296 1435 1499 1483 Macheth,
1533 1438 1556 1474 i.
1590 1438 1624 1475 4.

174 1526 308 1575 Illud
370 1529 518 1577 etiam
582 1533 829 1581 somnium
892 1542 942 1584 et
1007 1554 1215 1603 magnae
1283 1540 1626 1592 admirationis

104 1615 155 1656 et
210 1608 327 1656 clari
383 1611 561 1670 exitUS,
622 1614 757 1677 quod
817 1616 987 1666 eadem
1050 1628 1194 1669 nocte
1249 1622 1348 1671 duo
1400 1624 1627 1674 consules

102 1688 154 1737 P.
187 1689 369 1739 Decius
401 1692 518 1741 Mus
549 1700 598 1742 et
629 1695 683 1745 T.
713 1696 934 1748 Manlius
966 1700 1248 1766 Torquatus
1278 1704 1460 1755 Latino
1493 1707 1625 1756 bello

100 1771 241 1835 gravi
302 1790 355 1821 ac
404 1774 681 1837 periculoso
730 1795 829 1827 non
889 1783 1061 1846 procul
1109 1802 1138 1834 a
1188 1785 1377 1835 Vesuvi
1438 1790 1624 1838 montis

101 1852 351 1903 radicibus
390 1857 563 1919 positis
603 1861 775 1909 castris
814 1863 1062 1914 viderunt.

169 1935 389 2001 Utrique
427 1939 559 1987 enim
598 1942 842 2004 quaedam
881 1963 969 2010 per
1006 1949 1227 2011 quietem
1265 1951 1450 2015 species
1487 1969 1624 2016 prae-

99 2017 230 2066 dixit
256 2036 318 2067 ex
344 2020 501 2069 altera
534 2023 634 2072 acie
668 2024 1036 2089 imperatorem,
1065 2048 1127 2078 ex
1161 2031 1317 2081 altera
1347 2034 1622 2083 exercitum

98 2099 175 2148 dis
219 2100 456 2151 Manibus
495 2106 745 2170 matrique
785 2109 966 2158 Terrae
1003 2111 1205 2174 deberi,
1254 2115 1416 2164 utrius
1453 2124 1621 2166 autem

97 2180 203 2229 dux
246 2183 410 2246 copias
455 2184 678 2235 hostium
722 2206 967 2255 superque
1006 2209 1086 2241 eas
1131 2211 1235 2243 sese
1272 2196 1433 2260 ipsum
1473 2198 1620 2247 devo-

97 2259 262 2320 visset,
304 2261 560 2312 victricem
600 2266 861 2317 abituram.

165 2341 225 2389 Id
251 2342 359 2392 luce
386 2347 618 2408 proxima
643 2350 930 2399 consulibus
956 2353 1194 2403 sacrificio
1221 2355 1299 2404 vel
1326 2357 1614 2421 expiaturis,

95 2423 135 2471 si
162 2431 329 2488 posset
364 2429 536 2488 averti,
565 2430 657 2490 vel,
696 2432 734 2479 si
771 2440 962 2482 certum
997 2434 1204 2484 deorum
1236 2438 1386 2487 etiam
1420 2441 1617 2490 monitu

95 2505 260 2555 visum
307 2508 449 2570 foret,
496 2514 818 2574 exsecuturis,
865 2523 982 2566 exta
1025 2519 1217 2567 somnio
1261 2529 1613 2586 congruerunt,
