1907 2828
477 206 556 251 DE
596 207 942 250 INSTITUTIS
984 207 1286 257 ANTIQUIS.
1588 206 1635 248 21

120 332 314 383 tissima
347 347 465 382 cura
499 330 871 389 examinabant,
901 338 971 389 ut,
1010 330 1049 378 si
1088 346 1187 394 qua
1222 346 1282 377 ex
1321 328 1391 378 eis
1430 327 1642 392 improb-

119 422 299 474 assent,
345 420 455 463 rata
506 429 612 462 esse
667 429 766 462 non
825 412 1062 461 sinerent.
1154 411 1332 475 Itaque
1389 409 1643 459 veteribus

119 503 324 547 senatus
364 494 605 545 consultis
646 494 685 544 C
729 494 900 543 littera
948 493 1191 543 subscribi
1234 492 1440 551 solebat,
1487 506 1641 554 eaque

120 584 241 628 nota
274 577 652 644 significabatur
687 575 774 625 illa
810 576 1040 625 tribunos
1077 590 1273 640 quoque
1311 573 1572 622 censuisse.

187 659 448 726 Equestris
501 675 618 708 vero
671 657 862 708 ordinis
918 660 1153 707 iuventus
1208 657 1440 705 omnibus
1500 655 1643 703 annis

119 742 295 793 urbem
344 740 628 808 spectaculo
678 740 756 789 sui
810 740 903 788 sub
943 739 1137 804 magnis
1188 737 1474 787 auctoribus
1525 735 1643 785 eele-

118 823 328 875 brabat:
365 822 716 888 Lupercalium
755 822 888 871 enim
932 837 1038 870 mos
1075 838 1103 870 a
1142 819 1355 868 Romulo
1393 824 1443 867 et
1486 817 1643 866 Remo

121 904 383 956 incohatas
430 911 509 955 est
558 911 690 964 tunc,
738 920 850 952 cum
899 902 1091 952 laetitia
1141 901 1464 958 exsultantes,
1509 898 1641 963 quod

120 986 198 1036 his
256 1003 378 1036 avus
437 985 677 1036 Numitor
735 1002 823 1034 rex
884 984 1195 1033 Albanorum
1256 999 1313 1031 eo
1374 982 1494 1039 loco,
1558 980 1643 1028 ubi

121 1067 318 1119 edueati
354 1073 512 1128 erant,
548 1066 724 1116 urbem
763 1065 973 1115 condere
1014 1065 1306 1130 permiserat
1344 1063 1435 1111 sub
1472 1069 1642 1110 monte

122 1149 370 1209 Palatino,
412 1149 545 1199 facto
587 1148 828 1197 sacrificio
877 1147 1130 1211 caesisque
1180 1146 1339 1210 capris
1384 1144 1640 1208 epularum

122 1231 376 1282 hilaritate
430 1247 484 1280 ac
538 1232 656 1280 vino
711 1230 921 1294 largiore
977 1228 1213 1293 provecti,
1268 1227 1440 1274 obvios
1493 1226 1643 1274 cincti

122 1312 338 1378 pellibus
413 1311 787 1361 immolatarum
868 1310 1144 1358 hostiarum
1224 1309 1443 1356 iocantes
1526 1306 1644 1372 peti·

122 1401 284 1444 erunt.

208 1637 290 1675 02.
905 1633 934 1651 ‘⁸
953 1629 974 1668 Ι
1005 1630 1058 1666 ‹Io
1088 1629 1248 1678 Ampiae
1280 1627 1404 1671 them,

453 1701 542 1742 For
569 1702 665 1752 they
693 1701 749 1739 do
776 1698 919 1751 prank
947 1698 1057 1737 them
1090 1697 1132 1735 in
1162 1695 1382 1744 ‹tulhorily

455 1769 639 1821 Aquinate
670 1769 730 1807 all
761 1768 874 1807 noble
906 1763 1180 1817 sufflamen*

1239 1831 1490 1872 Coriolanus,
1522 1831 1573 1866 iii.
1611 1829 1642 1867 l.

194 1959 425 2010 Statuam
467 1964 692 2007 auratam
743 1971 831 2004 nec
876 1955 925 2002 in
971 1953 1092 2001 urbe
1137 1968 1227 1999 nee
1270 1951 1319 1998 in
1365 1949 1465 1997 ulla
1506 1958 1646 2012 part(-

131 2040 304 2093 Italiae
341 2040 604 2105 quisquam
646 2037 785 2102 prius
825 2035 1058 2100 adspexit
1102 2051 1252 2098 quam
1296 2049 1324 2079 a
1362 2031 1439 2079 Μ’.
1483 2030 1646 2078 Acilio

128 2121 401 2173 Glabrione
433 2120 677 2185 equestris
710 2118 839 2183 patri
876 2123 1145 2181 poneretur
1181 2115 1230 2161 in
1265 2112 1385 2161 aede
1423 2111 1642 2160 Pietatis.

131 2202 254 2254 Eam
297 2210 465 2252 autem
501 2201 675 2251 aedem
721 2200 771 2248 P.
814 2198 1045 2249 Cornelio
1083 2195 1313 2251 Lentule,
1355 2194 1420 2242 M.
1464 2193 1648 2241 Baebio

129 2283 417 2337 oonsulibus
452 2283 556 2348 ipae
593 2281 925 2336 dedicaverat,
958 2294 1158 2342 compos
1195 2277 1301 2325 voti
1340 2277 1498 2323 sactus
1535 2291 1648 2337 rege

130 2364 385 2416 Antiocho
418 2363 552 2430 apud
588 2361 949 2426 Thermopylas
988 2366 1235 2423 sumi-ato.

200 2447 287 2497 Iun
333 2446 481 2498 civile
531 2462 621 2511 per
673 2444 834 2494 multa
882 2442 1076 2491 saecula
1126 2441 1259 2489 inter
1312 2455 1450 2486 sacra
1503 2436 1648 2485 caeri-

132 2527 425 2592 moniaeque
477 2525 686 2576 deorum
740 2523 1094 2573 immortalium
1150 2520 1378 2569 abditum
1433 2517 1648 2580 solisque
