1907 2828
513 162 592 205 DE
631 162 973 205 INSTITUTIS
1016 163 1318 212 ANTIQUIS.
1617 165 1671 205 25

237 289 319 328 ⁸⁸1.
440 289 469 307 ⁴⁸
489 285 599 326 Tukc
627 299 743 326 arms
773 286 944 337 avains!
974 300 1001 324 a
1033 300 1103 325 nea
1133 287 1186 337 os
1207 286 1399 333 troubles,

373 353 480 396 And
508 353 561 407 by
589 354 795 407 oppoeiny
824 354 906 394 emt
935 354 1089 394 thenas

1331 422 1512 467 Hamlet,
1543 423 1598 460 iii.
1633 424 1663 461 1.

222 519 489 571 Venenum
519 521 681 571 cicuta
711 528 1043 585 temperatum
1078 521 1125 569 iu
1155 538 1211 569 ea
1240 521 1444 570 civitate
1474 521 1668 585 publico

153 601 447 663 custoditur,
486 602 620 667 quod
662 602 813 652 datur
854 603 912 660 ei,
959 603 1042 666 qui
1087 620 1256 651 causas
1299 602 1668 652 Sescentis—id

152 683 288 734 enim
311 691 514 734 senatus
544 684 648 733 eius
680 700 859 733 nomen
896 684 1286 743 est—exhibuit,
1317 692 1521 748 propter
1546 700 1668 748 quas

152 781 286 815 mors
318 765 384 814 sit
420 765 492 814 illi
526 764 818 829 expetenda.
895 764 1056 826 Quam
1091 765 1501 814 consuetudinem
1541 764 1669 813 Mas-

151 846 425 897 siliensium
486 863 585 896 non
635 847 686 895 in
746 846 910 895 Gallia
969 856 1145 905 ortam,
1197 847 1282 896 sed
1337 864 1399 896 ex
1461 847 1668 895 Graecia

153 927 445 979 translatam
473 927 588 977 inde
623 928 868 986 existimo,
899 928 1033 992 quod
1066 929 1197 977 illam
1234 928 1382 977 etiam
1420 928 1468 975 in
1505 927 1667 975 insula

153 1008 253 1060 Cea
292 1009 479 1059 servari
522 1009 869 1067 animadverti,
915 1027 1014 1074 quo
1064 1019 1286 1074 tempore
1331 1009 1503 1057 Asiam
1554 1025 1664 1057 cum

152 1090 264 1141 Sex.
337 1090 573 1155 Pompeio
639 1099 814 1155 petens
882 1090 1092 1140 Iulidem
1161 1090 1398 1155 oppidum
1466 1090 1660 1139 intravi.

151 1170 301 1221 Forte
348 1172 480 1222 enim
529 1172 697 1220 evenit
747 1180 802 1221 ut
852 1181 967 1221 tunc
1017 1189 1237 1221 summae
1286 1171 1548 1236 dignitatis
1598 1172 1665 1221 ibi

149 1253 347 1312 semina,
391 1252 479 1303 sed
518 1253 722 1303 ultimae
767 1254 863 1302 iam
908 1254 1191 1311 senectutis,
1239 1253 1434 1303 reddita
1473 1254 1664 1303 ratione

149 1335 341 1384 civibus
374 1351 462 1384 cur
490 1335 729 1385 excedere
764 1336 867 1384 vita
897 1335 1114 1396 deberet,
1154 1353 1344 1385 veneno
1375 1352 1664 1385 consumere

147 1433 200 1466 ee
253 1415 518 1466 destinarit
572 1425 882 1482 mortemque
937 1434 1077 1465 suam
1128 1417 1332 1481 Pompei
1385 1419 1665 1482 praesentia

147 1497 403 1549 clariorem
446 1499 550 1548 fieri
600 1499 767 1564 magni
817 1500 1114 1548 aestimaret.
1193 1499 1296 1548 Nec
1339 1516 1508 1563 preces
1557 1501 1663 1548 eius

148 1580 227 1630 vir
285 1580 382 1640 ille,
444 1590 500 1630 ut
559 1582 790 1630 omnibus
853 1581 1137 1638 virtuti}›u8‚
1201 1581 1271 1629 ita
1336 1580 1663 1630 humanitatis

146 1681 344 1731 quoque
405 1664 549 1715 laude
611 1664 1039 1722 instructissimus,
1094 1662 1346 1727 aspernari
1408 1663 1658 1712 sustinuit.

146 1745 302 1798 Venit
342 1747 513 1814 itaque
552 1747 617 1798 ad
660 1766 767 1797 eam
806 1745 1260 1809 facundissimoque
1297 1761 1536 1804 sermone,
1575 1745 1659 1809 qui

145 1845 229 1879 ore
281 1831 387 1880 eius
434 1831 575 1897 quasi
625 1848 650 1880 e
699 1831 845 1880 beato
889 1828 1105 1893 quodam
1156 1826 1469 1890 eloquentiae
1525 1827 1660 1876 sonte

145 1912 397 1972 manebat,
423 1913 486 1962 ab
516 1913 713 1977 incepto
743 1911 949 1961 consilio
980 1910 1067 1959 diu
1099 1909 1399 1973 nequiquam
1432 1923 1659 1957 revocare

144 2001 354 2044 conatus
394 1993 457 2044 ad
501 1993 731 2044 ultimum
771 1995 1079 2059 propositum
1119 1990 1320 2054 exsequi
1362 2006 1533 2053 passus
1569 1998 1653 2039 est

144 2073 420 2125 cohortata
454 2074 635 2125 deinde
673 2074 735 2124 ed
773 2075 1087 2124 concordium
1126 2091 1252 2132 SUOS,
1281 2072 1553 2121 distributo
1590 2073 1658 2120 eis

146 2155 446 2220 patrimonio
481 2163 533 2206 et
568 2156 705 2205 cultu
743 2173 846 2214 suc,
874 2156 1123 2220 sacrisque
1162 2155 1447 2204 domesticis
1484 2154 1655 2202 maiori

144 2235 274 2286 filiae
311 2236 525 2295 traditis,
554 2237 799 2302 poculum,
830 2238 879 2286 in
914 2254 1013 2301 quo
1042 2253 1288 2286 venenum
1326 2242 1655 2300 temperatum

143 2324 266 2378 erat,
302 2318 551 2368 constanti
589 2318 797 2368 dextera
833 2320 1056 2384 arripuit.
1132 2319 1260 2368 Tum
1299 2318 1485 2369 defusis
1530 2318 1656 2367 Mer·

143 2399 280 2449 curio
326 2398 677 2450 delibamentis
719 2408 770 2448 et
818 2401 1045 2448 invocato
1089 2401 1292 2448 numine
1334 2401 1454 2457 eius,
1502 2408 1559 2448 ut
1604 2416 1655 2448 se

143 2477 340 2544 placido
371 2479 552 2530 itinere
581 2480 630 2529 in
669 2479 924 2529 meliorem
960 2480 1092 2530 sedis
1128 2481 1349 2530 infernae
1385 2480 1656 2530 deduceret
