1907 2828
498 191 576 233 1)ss
617 190 957 233 lNSTl'l'U'I'lS
998 188 1298 238 ANTIQ[·1.<.
1601 188 1654 231 ‘27

143 316 480 366 Removeatur
505 314 672 378 itaque
703 312 944 362 naturalis
974 313 1196 360 omnium
1231 310 1518 359 animalium
1552 309 1656 358 ‹lul-

141 397 263 448 cedo
309 397 459 455 vitae,
509 412 636 461 quae
678 394 838 444 multa
885 402 936 443 et
984 394 1142 442 facere
1190 401 1240 443 et
1289 393 1392 457 pati
1442 392 1657 456 turpiter

140 480 289 546 cogit,
326 480 369 528 si
405 487 521 529 ortu
562 478 670 529 eius
706 477 965 542 aliquanto
1002 476 1191 526 felicior
1226 492 1280 524 ac
1319 474 1508 523 beatior
1545 473 1656 522 finis

140 561 426 628 reperietur.

223 801 304 838 ⁸⁹.
417 794 568 836 “And
596 795 694 848 they
721 808 797 835 are
825 794 953 839 dead,
984 794 1074 834 aud
1105 793 1129 833 1
1160 792 1243 831 will
1271 792 1384 832 die.'’

339 865 634 910 R’ordsworth,
668 864 903 912 Cornplaint
931 864 973 901 of
1004 877 1028 901 a
1057 863 1258 900 Forsakcn
1289 862 1434 899 Indian
1464 861 1650 897 Woman.

211 970 399 1021 Verum
419 970 542 1035 quid
561 987 653 1036 ego
671 970 966 1019 fortissimos
986 968 1076 1017 hoc
1099 968 1147 1016 iu
1165 984 1344 1033 genere
1361 965 1655 1031 prudentiae

139 1053 274 1103 viros
298 1052 493 1102 laudem
514 1055 532 1101 i

209 1133 558 1200 Respiciantur
606 1132 847 1183 Indorum
896 1131 1124 1191 feminae,
1175 1147 1314 1195 quae,
1361 1146 1470 1178 cum
1521 1144 1655 1178 more

140 1216 304 1281 patrio
344 1214 605 1281 conplures
648 1214 808 1264 eidem
846 1221 1033 1278 nuptae
1071 1230 1174 1262 esse
1213 1212 1419 1270 soleant,
1458 1218 1655 1259 mortuo

141 1296 321 1347 marito
346 1297 398 1346 in
424 1304 672 1347 certamen
700 1295 1038 1359 iudiciumque
1066 1294 1288 1352 veniunt,
1316 1310 1464 1357 quam
1491 1310 1552 1340 ex
1580 1292 1656 1340 his

142 1377 357 1428 maxime
373 1376 620 1427 dilexerit.
654 1377 851 1426 Victrix
868 1376 1051 1442 gaudio
1069 1375 1324 1426 exsultans
1342 1374 1653 1437 deductaque

140 1476 171 1509 a
193 1459 480 1510 necessariis
506 1458 691 1509 laetum
714 1476 830 1523 prae
850 1477 900 1507 se
922 1459 1196 1508 ferentibus
1218 1457 1411 1505 vultum
1433 1456 1654 1520 coniugis

140 1557 192 1592 se
221 1542 434 1591 flammis
462 1542 742 1607 superiacit,
775 1549 826 1590 et
859 1557 970 1589 cum
1002 1558 1059 1588 eo
1090 1548 1342 1604 tamquam
1375 1538 1655 1586 felicissima

140 1632 416 1674 crematur:
454 1632 714 1689 superatae
749 1640 858 1672 cum
895 1622 1104 1671 tristitia
1137 1630 1186 1670 et
1220 1637 1440 1670 maerore
1474 1620 1523 1668 in
1552 1619 1655 1667 vita

140 1713 411 1755 remanent„

208 1784 472 1836 Persarum
499 1785 767 1836 admodum
796 1785 1052 1850 probabile
1081 1785 1367 1833 institutum
1391 1784 1498 1841 suit,
1521 1782 1652 1847 quod

140 1866 323 1917 liberos
358 1884 473 1917 suos
509 1883 607 1916 non
646 1867 783 1932 prius
821 1867 1163 1931 adspiciebant
1200 1884 1347 1931 quam
1386 1866 1651 1929 septimum

140 1964 327 1998 annum
398 1948 701 2014 implessent,
775 1966 875 2013 quo
947 1949 1265 2012 parvulorum
1339 1947 1651 1996 amissionem

139 2030 371 2095 aequiore
408 2030 575 2079 animo
611 2030 928 2079 sustinerent.
