1907 2828
684 184 763 225 DE
804 181 1128 225 PRODIGIIS.
1643 178 1670 217 9

146 311 489 375 infantiaeque
531 306 834 357 incunabula
872 305 959 354 vili
997 306 1203 353 deorum
1242 319 1447 351 munere
1485 301 1670 349 donata

146 393 341 444 onustis
377 409 500 442 auro
536 397 687 456 atque
723 395 933 455 argento
969 387 1104 453 gazis
1139 385 1383 451 pensavit.

233 550 312 586 14.
370 544 501 585 “But
521 543 602 595 sor
629 556 739 595 your
770 541 920 589 words,
954 539 1050 591 lltty
1080 538 1151 578 rob
1181 538 1246 577 the
1281 536 1425 587 Hybla
1458 535 1589 574 'mess'

1206 606 1345 644 Julius
1373 608 1535 649 Caesar,
1567 616 1601 640 v.
1636 603 1668 639 1.

218 705 459 756 Formicis
485 703 654 753 Midae
688 703 793 752 iure
828 701 1106 764 meritoque
1139 715 1254 763 apes
1282 696 1506 746 Platonis
1541 711 1671 758 prae-

150 788 366 840 tulerim.

218 871 343 922 Illae
401 869 536 920 enim
590 855 804 918 caducae
859 872 910 915 et
964 863 1167 928 fragilis,
1232 863 1323 911 hae
1378 858 1566 909 solidae
1625 867 1671 906 et

151 959 382 1004 aeternae
434 950 691 1001 felicitatis
750 948 939 998 indices
999 946 1320 1002 exstiterunt,
1382 940 1676 990 dormientis

153 1036 204 1085 in
241 1035 381 1085 cunis
419 1032 613 1099 parvuli
651 1030 843 1080 labellis
880 1028 977 1077 mel
1014 1025 1293 1077 inserendo.

220 1117 333 1179 Qua
364 1133 416 1165 re
448 1113 637 1174 audita,
666 1112 1008 1179 prodigiorum
1043 1110 1344 1174 interpretes
1375 1103 1674 1170 singularem

153 1199 339 1265 eloquii
376 1197 676 1248 suavitatem
715 1212 797 1245 ore
835 1195 941 1244 eius
978 1199 1322 1242 emanaturam
1360 1188 1612 1236 dixerunt.

229 1283 298 1331 Ac
334 1280 457 1330 mihi
493 1278 699 1344 quidem
740 1277 854 1326 illae
898 1292 1013 1341 apes
1058 1291 1156 1322 non
1201 1279 1422 1320 montem
1469 1268 1663 1332 Hymet

156 1364 283 1414 tium
309 1362 473 1426 thymi
501 1362 620 1410 flore
646 1358 972 1416 redolentem,
995 1356 1081 1405 sed
1110 1355 1366 1403 Musarum
1391 1350 1679 1400 Heliconios

156 1445 306 1496 colles
325 1444 459 1494 omni
479 1459 660 1509 genere
679 1441 937 1490 doctrinae
965 1439 1185 1487 virentes
1205 1435 1409 1484 dearum
1437 1432 1678 1481 instinctu

157 1527 392 1593 depastae
445 1526 668 1575 maximo
718 1523 920 1588 ingenio
973 1519 1263 1570 dulcissima
1314 1533 1534 1565 summae
1586 1513 1680 1563 elo-

157 1609 392 1675 quentiae
429 1606 695 1658 instillasse
734 1605 970 1655 videntur
1007 1603 1256 1651 alimenta.

608 1807 698 1857 111.
775 1806 868 1855 DE
923 1802 1224 1853 SOMNIIS.

247 1927 321 1961 13.
1098 1918 1125 1934 “
1150 1914 1230 1953 Tho«
1267 1912 1410 1955 vivon,

339 1988 479 2030 Which
512 1989 535 2028 Ι
564 1987 687 2027 made
718 1985 863 2025 known
896 1990 934 2022 {o
972 1982 1126 2023 Lurius
1157 1995 1221 2019 ⁴rr2
1255 1981 1308 2018 eho
1350 1977 1472 2018 stroke

326 2057 394 2110 Os
413 2057 478 2098 tlae
507 2063 573 2109 yet
603 2070 742 2094 ›ee-ara·
775 2054 867 2093 rolrl
897 2052 1037 2099 bault,
1072 2058 1116 2089 a!
1148 2049 1229 2088 elul-e
1261 2048 1418 2086 instant

328 2126 374 2168 Ie
391 2126 485 2178 sulz
511 2123 858 2176 accmnplinleds’

1296 2169 1547 2217 Cymbeline,
1580 2180 1614 2202 v.
1647 2167 1678 2200 ε’).

235 2270 386 2322 Unde
435 2270 601 2336 potius
644 2268 810 2317 ordiar
851 2283 998 2330 quam
1042 2281 1071 2313 a
1118 2263 1220 2311 ‹livi
1268 2258 1484 2322 Augusti
1535 2273 1683 2305 sacra-

166 2353 361 2403 tissima
395 2352 668 2402 memoria?

235 2434 356 2485 Eius
385 2433 579 2484 medico
605 2432 811 2482 Artorio
837 2446 1065 2478 somnum
1101 2425 1315 2491 capienti
1353 2430 1510 2480 noctv,
1540 2435 1684 2483 quam

167 2516 277 2567 dies
312 2517 568 2568 insecutus
603 2522 693 2574 est,
728 2530 827 2579 quo
865 2514 913 2561 in
953 2510 1138 2574 campis
1178 2506 1442 2570 Philippiis
1479 2501 1685 2551 Romani
