1811 2828
146 174 201 215 20
577 173 886 215 VALERIUS
928 175 1233 217 MAXIMUS.

147 294 499 360 interponeret.
598 295 726 343 Filio
786 295 1053 345 dumtaxat
1112 301 1162 345 et
1222 297 1266 344 ei
1331 314 1484 361 puero
1544 303 1661 348 ante

147 382 337 439 patrem
377 376 629 425 consulem
666 377 956 426 ambulandi
993 377 1069 426 ius
1107 383 1224 426 erat.

214 457 311 518 Qui
358 474 464 506 mos
513 457 637 506 adeo
696 459 1022 521 pertinaciter
1070 466 1293 508 retentus
1348 465 1436 519 est,
1492 466 1550 509 ut
1603 460 1658 521 Q.

144 539 326 588 Fabius
387 539 639 588 Maximus
700 540 1002 604 quinquiens
1065 541 1248 600 consul,
1313 541 1391 589 vir
1450 548 1500 591 et
1563 542 1662 590 iam

144 620 335 684 pridem
380 638 599 670 summae
643 623 956 670 auctoritatis
1000 628 1051 671 et
1093 629 1213 671 tunc
1254 623 1460 672 ultimae
1503 640 1664 672 senec-

145 703 280 762 tutis,
311 719 339 751 a
373 702 474 750 filio
509 703 708 751 consule
742 704 984 752 invitatus
1018 709 1076 753 ut
1105 705 1237 753 inter
1270 721 1321 753 se
1357 712 1408 753 et
1439 704 1663 753 lictorem

143 784 444 847 procederet,
473 801 536 833 ne
572 785 794 833 hostium
829 785 1133 834 Samnitium
1165 786 1327 846 turba,
1356 785 1419 835 ad
1453 803 1663 851 quorum

142 865 461 929 conloquium
545 865 929 926 descendebant,
1007 867 1288 929 elideretur,
1368 869 1527 918 facere
1611 868 1663 917 id

143 948 373 997 noluerit.

208 1028 350 1078 Idem
385 1046 413 1079 a
438 1035 615 1079 senatu
648 1030 841 1095 legatus
867 1030 931 1079 ad
962 1031 1119 1080 filium
1153 1031 1407 1081 consulem
1433 1031 1664 1081 Suessam

142 1111 420 1161 Pometiam
471 1113 664 1173 missUS,
711 1119 979 1177 postquam
1030 1113 1387 1163 animadvertit
1437 1130 1550 1162 eum
1600 1114 1663 1163 ad

141 1194 355 1243 officium
398 1210 546 1243 suum
589 1201 733 1243 extra
775 1196 972 1244 moenia
1023 1195 1194 1260 oppidi
1245 1196 1554 1261 processisse,
1593 1196 1663 1245 in-

139 1275 375 1340 dignatus
402 1275 537 1341 quod
564 1294 626 1326 ex
658 1276 919 1326 lictoribus
952 1294 1098 1327 nemo
1125 1295 1174 1327 se
1210 1295 1336 1342 equo
1363 1278 1661 1328 descendere

139 1358 376 1417 iussisset,
434 1359 612 1423 plenus
672 1359 774 1408 irae
828 1359 999 1409 sedere
1053 1361 1408 1424 perseveravit.
1516 1360 1656 1422 Quod

140 1457 253 1489 cum
295 1440 427 1489 filius
479 1441 726 1503 sensisset,
775 1443 1002 1506 proximo
1053 1442 1231 1501 lictori,
1277 1449 1335 1491 ut
1378 1442 1473 1491 sibi
1516 1442 1658 1507 adpa-

138 1529 283 1583 reret,
323 1523 604 1586 imperavit.
680 1524 834 1573 Cuius
877 1524 985 1573 voci
1029 1524 1266 1573 continuo
1302 1524 1488 1574 Fabius
1526 1524 1660 1573 obse-

138 1610 296 1664 cutus,
348 1605 491 1654 ‘Non
541 1605 661 1671 ego,'
706 1606 883 1670 inquit,
931 1606 1044 1664 <fili,
1092 1623 1342 1654 summum
1393 1606 1658 1671 imperium

137 1691 282 1735 tuum
333 1688 621 1752 contempsi,
669 1687 755 1736 sed
798 1688 1014 1752 experiri
1057 1688 1194 1737 volui
1245 1705 1309 1737 an
1351 1689 1499 1737 scires
1550 1706 1659 1737 con-

137 1768 296 1817 sulem
347 1786 520 1833 agere:
573 1786 662 1818 nec
710 1769 886 1834 ignoro
930 1770 1052 1834 quid
1104 1770 1294 1833 patriae
1346 1770 1657 1819 venerationi

137 1850 391 1909 debeatur,
448 1868 623 1900 verum
676 1851 873 1915 publica
926 1852 1161 1901 instituta
1219 1853 1416 1917 privata
1469 1852 1657 1918 pietate

137 1933 332 1995 potiora
368 1932 561 1981 iudico.’

219 2176 298 2211 31..
421 2174 450 2193 “
474 2171 514 2211 Y
512 2185 566 2211 ou
595 2171 713 2212 know
741 2172 774 2212 ic
803 2171 840 2212 is
871 2172 936 2213 the
955 2173 1073 2223 feast,
1103 2173 1157 2223 of
1179 2172 1440 2224 Lupercal.'’

1202 2243 1341 2281 Julius
1368 2244 1528 2288 Caesar,
1560 2243 1584 2280 i.
1617 2243 1650 2281 1.

202 2338 337 2388 Illud
396 2356 596 2404 quoque
659 2342 898 2390 memoria
967 2340 1296 2406 repetendum
1367 2346 1456 2401 est,
1519 2340 1654 2404 quod

132 2422 350 2471 tribunis
403 2422 563 2487 plebis
617 2423 806 2473 intrare
866 2425 1052 2473 curiam
1105 2442 1207 2473 non
1265 2423 1476 2485 licebat3
1537 2428 1654 2472 ante

132 2503 302 2551 valvas
336 2510 504 2551 autem
538 2504 713 2577 positis
747 2505 994 2554 subselliis
1030 2505 1227 2552 decreta
1261 2511 1457 2580 patrum
1493 2510 1651 2553 atten-
