1811 2828
28 162 32 163 ⁷
102 168 156 209 36
529 165 839 207 VALERIUS
880 165 1185 207 MAXIMUS.

171 288 304 351 Quid
329 288 391 337 de
417 288 612 337 Fabrici
637 288 838 337 Luscini
865 305 1071 338 censura
1096 288 1308 352 loquar?
1379 288 1619 338 Narravit

103 372 264 420 omnis
308 377 441 420 aetas
492 378 541 419 et
584 370 815 434 deinceps
858 371 1082 419 narrabit
1125 371 1187 420 ab
1230 388 1288 420 eo
1331 371 1619 420 Cornelium

102 453 345 502 Rufinum
405 452 599 501 duobus
649 453 990 501 consulatibus
1038 460 1088 501 et
1141 453 1392 502 dictatura
1439 454 1620 518 specio-

103 535 294 584 sissime
337 534 579 592 functum,
626 534 759 599 quod
802 534 972 583 decem
1015 535 1183 598 pondo
1226 552 1345 584 vasa
1386 541 1622 600 argentea

105 623 433 681 conparasset,
479 616 687 680 perinde
731 634 785 665 ac
832 616 964 665 malo
1014 617 1244 681 exemplo
1292 617 1618 677 luxuriosum,

103 699 156 747 in
195 699 367 747 ordine
405 699 654 747 senatorio
691 716 793 747 non
829 704 1085 748 retentum
1122 716 1239 748 esse.

173 780 240 828 M.
263 786 430 829 autem
452 780 704 828 Antonius
726 786 776 829 et
795 780 848 829 L.
871 781 1075 829 Flaccus
1095 797 1321 830 censores
1340 781 1622 831 Duronium

104 869 282 912 senatu
326 868 604 921 moverunt,
651 862 786 927 quod
828 862 988 928 legem
1031 863 1092 912 de
1135 863 1418 913 coercendis
1461 864 1625 912 convi-

105 945 303 994 viorum
341 946 624 1009 sumptibus
657 945 811 994 latam
846 946 1079 994 tribunus
1110 946 1242 1010 plebi
1280 946 1618 1012 abrogaverat.

106 1027 319 1076 Mirifica
396 1034 543 1076 notae
616 1045 793 1076 causa:
877 1045 1026 1092 quam
1098 1028 1231 1077 enim
1307 1028 1625 1093 impudenter

107 1109 363 1158 Duronius
422 1116 584 1159 rostra
639 1109 927 1158 conscendit
979 1109 1064 1158 illa
1124 1109 1384 1160 dicturus:
1449 1110 1625 1160 ‘Freni

107 1198 224 1240 sunt
261 1192 430 1240 iniecti
467 1192 621 1251 vobis,
663 1191 895 1253 Quirites,
935 1192 1073 1241 nullo
1110 1192 1258 1241 modo
1294 1193 1622 1257 perpetiendi.

108 1274 335 1339 Adligati
373 1280 423 1322 et
457 1275 713 1323 constricti
747 1274 866 1322 estis
899 1290 1067 1323 amaro
1105 1275 1306 1324 vinculo
1338 1275 1625 1324 servitutis:

107 1356 190 1405 lex
218 1356 351 1405 enim
381 1356 485 1405 lata
521 1364 609 1414 est,
644 1373 771 1420 quae
805 1373 894 1405 vos
931 1372 1036 1406 esse
1074 1356 1207 1420 frugi
1242 1357 1394 1406 iubet.
1469 1357 1628 1406 Abro-

108 1456 280 1505 gemus
346 1439 501 1504 igitur
565 1438 699 1486 istud
767 1438 998 1488 horridae
1064 1440 1332 1488 vetustatis
1402 1440 1627 1504 robigine

110 1522 329 1570 obsitum
378 1521 673 1584 imperium:
735 1521 920 1569 etenim
963 1520 1085 1584 quid
1127 1538 1252 1586 opus
1294 1521 1540 1582 libertate,
1586 1521 1628 1570 si

109 1603 396 1652 volentibus
433 1601 557 1651 luxu
593 1602 754 1666 perire
791 1618 892 1651 non
929 1601 1108 1651 licet‘l'

509 1951 599 2001 IX.
673 1951 768 2002 DE
818 1952 1230 2002 MAIESTATE.

195 2097 282 2133 48.
334 2091 505 2142 “Siyns
535 2092 588 2141 of
606 2091 832 2140 nobleness,
864 2091 946 2132 Zilce
974 2098 1099 2141 slav-3,
1134 2091 1245 2132 shall
1272 2091 1390 2132 shine

375 2161 442 2200 On
471 2160 532 2200 all
560 2160 815 2200 deservers.”

1302 2228 1506 2275 Maebeth,
1537 2229 1562 2267 i.
1593 2230 1629 2268 4.

185 2334 318 2396 Quid
341 2334 455 2398 plus
480 2334 635 2383 tribui
661 2335 828 2398 potuit
853 2335 1043 2384 consuli
1068 2352 1219 2398 quam
1249 2340 1324 2382 est
1350 2334 1524 2383 datum
1548 2351 1634 2382 reo

116 2417 363 2466 Metello?
457 2417 554 2477 Qui
603 2434 715 2465 cum
765 2434 956 2465 causam
1007 2416 1401 2481 repetundarum
1448 2417 1635 2465 diceret

117 2499 416 2562 tabulaeque
447 2500 551 2547 eius
581 2499 643 2547 ab
673 2506 953 2547 accusatore
984 2499 1330 2566 expostulatae
1359 2500 1422 2548 ad
1451 2516 1633 2549 nomen
