1907 2828
455 198 534 241 DE
574 198 921 240 DISCIPLINA
966 200 1262 242 MILITARI.
1562 203 1615 244 29

179 325 264 363 41.
485 321 557 361 ⁴⁴!
585 321 689 361 have
718 322 795 361 [oue
827 336 898 373 my
930 323 1216 373 repulaliou.”

1293 392 1472 438 othello,
1505 393 1544 431 ii.
1576 394 1609 431 3.

168 482 290 547 Age,
331 488 521 547 quanto
557 482 735 546 spiritu
776 489 1010 546 putamus
1047 498 1189 531 usum
1229 482 1282 531 L.
1324 483 1616 544 Quinctium

98 562 453 613 Cincinnatum
508 562 804 613 dictatorem
858 581 916 613 eo
971 571 1207 629 tempore,
1260 581 1359 629 quo
1406 565 1616 615 devictis

99 643 391 711 Aequiculis
439 652 491 694 et
538 645 632 694 sub
680 645 854 709 iugum
897 646 1059 694 missis
1104 646 1155 695 L.
1203 647 1481 697 Minucium
1507 665 1616 697 con-

98 725 317 777 sulatum
342 725 592 791 deponere
617 726 794 791 coegit,
813 727 946 791 quod
974 736 1134 776 castra
1160 729 1264 777 eius
1291 728 1423 778 idem
1450 729 1616 778 hostes

98 807 420 858 obsederant?
473 807 742 873 Indignum
764 809 895 858 enim
920 810 1136 858 maximo
1157 811 1366 875 imperio
1386 810 1610 871 credidit,

98 905 248 955 quem
294 905 395 939 non
443 905 534 938 sua
582 890 756 948 virtue,
803 890 886 939 sed
939 892 1068 940 fossa
1111 891 1396 956 vallumque
1446 899 1612 942 tutum

98 972 430 1037 praestiterat,
480 971 657 1036 cuique
711 972 1036 1022 verecundiae
1095 990 1194 1023 non
1257 975 1417 1024 suerat
1475 993 1612 1025 arma

100 1054 325 1105 Romana
356 1061 494 1104 metu
527 1054 723 1119 trepida
755 1054 932 1104 clausis
962 1056 1120 1120 portis
1149 1058 1408 1106 contineri.
1480 1058 1610 1125 Ergo

98 1135 488 1201 imperiosissimi
519 1135 783 1186 duodecim
808 1137 976 1198 fasces,
1005 1154 1156 1202 penes
1182 1155 1305 1203 quos
1333 1147 1533 1189 senatus
1558 1149 1607 1190 et

95 1218 341 1285 equestris
376 1217 566 1268 ordinis
603 1225 653 1267 et
689 1220 948 1269 universae
982 1219 1141 1285 plebis
1177 1237 1423 1271 summum
1459 1222 1609 1272 decus

95 1306 215 1360 erat,
242 1316 556 1366 quorumque
593 1308 719 1350 nutu
760 1300 958 1350 Latium
998 1319 1052 1351 ac
1087 1303 1241 1351 totius
1277 1302 1451 1353 Italiae
1484 1306 1615 1354 vires

94 1382 410 1448 regebantur,
434 1383 627 1432 contusi
654 1391 803 1448 atque
832 1384 971 1432 fracti
998 1384 1291 1434 dictatoriae
1319 1402 1368 1434 sc
1396 1387 1607 1436 animad-

96 1465 310 1515 versioni
336 1464 739 1516 substraverunt:
776 1483 845 1526 ac,
874 1484 934 1514 nc
961 1467 1120 1516 inulta
1148 1468 1273 1516 foret
1300 1467 1430 1517 laesa
1455 1469 1611 1533 gloria

94 1546 339 1609 militaris,
367 1546 541 1597 consul
567 1547 735 1597 delicti
762 1550 923 1596 omnis
950 1549 1134 1597 vindex
1162 1551 1368 1614 punitus
1395 1559 1482 1601 cst.

174 1788 260 1825 ⁴2.
428 1789 455 1806 ‘⁸
473 1784 616 1826 ,veter
646 1799 756 1824 more
788 1784 829 1823 be:
861 1785 996 1836 officrr
1025 1786 1080 1835 os
1101 1786 1255 1826 nn’ne.''

1288 1856 1466 1900 (ninello,
1499 1858 1537 1894 ii.
1569 1857 1604 1894 3.

163 1957 392 2024 Papirius
439 1952 666 2019 dictator,
718 1976 828 2008 cum
888 1960 1125 2009 adversus
1183 1960 1446 2024 imperium
1504 1963 1609 2012 eius

92 2037 150 2101 Q
186 2038 371 2089 Fabius
406 2038 670 2090 Rullianus
707 2042 942 2103 magister
981 2042 1206 2106 equitum
1246 2044 1517 2093 exercitum
1557 2045 1606 2094 in

92 2120 247 2172 aciem
305 2119 575 2181 eduxisset,
638 2139 938 2189 quamquam
1002 2125 1121 2174 susis
1189 2125 1497 2175 Samnitibus
1556 2128 1606 2176 in

92 2209 254 2252 centn
310 2202 539 2261 redierat.
591 2210 757 2254 tamen
819 2223 979 2271 neque
1034 2207 1220 2256 virtute
1283 2208 1389 2257 eius
1449 2226 1606 2273 noque

93 2298 314 2334 mu
381 2300 541 2349 neque
607 2285 870 2335 nobilitate
930 2295 1094 2337 motus
1157 2290 1320 2351 virgas
1381 2290 1606 2354 expediri

93 2379 306 2430 eumque
352 2364 530 2415 nudari
574 2366 730 2416 iussit.
805 2367 850 2416 O
897 2370 1232 2433 spectaculum
1284 2371 1607 2420 admirabile!

95 2445 158 2496 Et
203 2446 468 2498 Rullianus
512 2456 563 2497 et
605 2450 842 2513 magister
887 2452 1111 2515 equitum
1157 2461 1207 2501 et
1250 2454 1409 2502 victor
1457 2454 1602 2503 scissa

93 2532 228 2577 veste
284 2527 599 2594 spoliatoque
657 2547 862 2596 corpore
923 2531 1148 2582 lictorum
1211 2551 1261 2582 se
1317 2535 1602 2585 verberibus
